2470 3202
1033 166 1401 210 —6—

162 287 291 328 tribus
318 285 551 339 legionibus
578 287 728 339 gessit,
767 300 842 326 nee
869 287 1028 326 animus
1057 300 1132 326 nec
1162 294 1297 348 gotum
1324 293 1470 326 contra
1499 285 1677 326 Galbam
1704 286 1803 337 suit,
1840 299 1919 337 qua
1947 288 1996 326 de
2025 301 2147 328 causa
2177 287 2250 328 Ti-

163 370 248 402 tum
277 360 406 400 filium
428 359 598 400 Romam
626 361 757 410 misit,
787 368 830 399 ut
858 361 1095 410 imperatori
1122 359 1400 413 gratularetur
1429 360 1479 398 de
1507 372 1686 399 munere.
1739 361 1791 399 cf.
1819 360 1951 399 Tacit.
1985 367 2019 410 Ι,
2052 367 2116 401 10.
2142 367 2184 411 2,
2218 367 2251 402 Ι.

161 433 320 474 Titus
351 433 723 483 Vespasianus
751 445 773 469 e
800 432 1025 482 Judaea,
1064 431 1320 470 incolumi
1358 430 1526 471 adhuc
1565 430 1754 483 Galba,
1794 433 1986 490 missus
2023 446 2046 471 a
2073 441 2249 484 patre,

160 519 371 548 causam
400 507 789 556 profectionis,
828 507 1071 545 officium
1099 518 1221 558 erga
1257 505 1595 555 Principem,
1634 512 1685 543 et
1720 513 1971 565 mvuram
1999 508 2251 555 petendis

160 578 464 619 honoribus
507 580 789 627 juventam
826 577 1047 616 ferebat.
1101 578 1147 618 ln
1175 578 1253 617 hoc
1281 580 1451 628 itinere,
1491 577 1626 629 quod,
1674 584 1719 616 ut
1746 590 1771 615 a
1798 589 1897 616 sene
1926 575 2252 629 Galba-adopta-

162 660 301 701 retur,
332 659 563 702 susceptum
594 665 707 701 esse,
736 651 883 702 vulgus
912 652 1182 709 disperserat,
1212 664 1303 690 eum
1332 653 1550 690 comitatus
1579 640 1640 689 est
1668 664 1742 689 rex
1769 650 1917 689 Judaeae
1937 637 2133 702 Agrippa.
2183 651 2256 689 Jo-

167 724 277 779 seplg
300 726 337 763 d.
365 724 402 762 b.
424 727 457 774 j.
485 727 534 774 4,
566 728 615 773 9,
647 729 685 764 2.
749 724 869 763 Titus
898 733 1059 773 autem,
1109 737 1197 763 cum
1226 723 1415 762 Corinthi
1444 732 1577 762 certos
1606 725 1771 762 nuntios
1798 724 1999 773 acciperet
2027 724 2075 762 de
2112 722 2254 762 Galbae

164 799 335 837 interitu
350 796 549 849 simulque
574 797 747 848 audiret,
772 797 987 838 Vitellium
1003 811 1116 837 arma
1140 806 1279 838 contra
1297 796 1503 836 Othonem
1527 798 1705 847 cepisse,
1726 811 1860 836 secum
1881 797 2135 846 deliberavit,
2161 810 2256 836 num

166 873 338 911 Romam
375 879 567 923 pergeret
604 884 678 909 nec
707 885 782 922 ne,
828 871 1075 924 aliquamdiu
1105 871 1267 911 dubium
1296 883 1390 921 spes
1418 870 1535 916 vicit3
1581 870 1715 910 redire
1760 871 1803 909 in
1839 869 1997 920 Syriam
2035 871 2257 911 constituit.

166 946 351 997 Agrippa
380 957 515 983 comes
544 944 712 982 Romam
740 944 945 994 profectus
974 953 1061 994 est,
1113 945 1270 984 Titus
1308 956 1435 981 vero
1469 955 1604 982 oram
1631 943 1864 982 Achaiae
1894 951 1944 981 et
1971 944 2157 994 Asiae,
2198 957 2256 984 ac

165 1017 323 1057 laeva
359 1016 522 1056 Asiae
561 1025 916 1066 praevectus,
971 1016 1201 1057 Rhodum
1248 1025 1297 1054 et
1335 1015 1561 1066 Cyprum
1609 1016 1847 1066 insulas,
1902 1018 2020 1054 inde
2057 1016 2256 1065 Syriam

167 1088 581 1130 audentioribus
612 1091 806 1140 spatiis
844 1089 1072 1141 petebat.
1125 1104 1163 1130 v.
1191 1089 1324 1131 Tacit.
1350 1088 1445 1131 hist.
1473 1095 1515 1141 2,
1544 1094 1583 1132 2.
1636 1090 1683 1131 ln
1711 1091 1841 1131 reditu
1879 1089 2070 1143 templum
2099 1099 2140 1130 et
2167 1104 2257 1131 ora-

169 1164 302 1204 culum
342 1165 520 1203 Veneris
550 1163 714 1213 Paphiae
742 1165 864 1213 adiit,
894 1173 955 1213 et,
996 1173 1207 1215 postquam
1237 1166 1286 1203 de
1316 1148 1579 1216 navigatione
1609 1163 1812 1220 consuluit
1840 1165 1980 1214 deam,
2009 1165 2057 1203 de
2085 1165 2257 1216 imperio

173 1244 214 1276 et
243 1237 292 1276 de
323 1236 416 1275 fatis
446 1237 529 1275 suis
550 1235 751 1288 ambiguis
772 1235 909 1276 verbis
939 1239 1229 1289 interrogavit,
1256 1239 1431 1291 indeque
1464 1251 1578 1288 spem
1607 1240 1818 1289 imperium
1845 1241 1887 1276 in
1915 1237 2109 1276 familiam
2137 1239 2259 1277 acciri

167 1310 319 1349 retulit.
372 1310 468 1349 Vid.
496 1309 629 1348 Tacit.
655 1309 751 1348 hist.
778 1314 828 1360 2,
864 1313 902 1349 4.
956 1309 1141 1360 Titus,
1186 1317 1428 1363 spectata
1455 1309 1733 1362 opulentia
1773 1311 2028 1364 donisque
2057 1323 2258 1364 regum,

177 1396 418 1435 quaeque
448 1382 556 1420 alia
584 1381 784 1421 laetum
826 1381 1250 1433 antiquitatibus
1279 1383 1597 1423 Graecorum
1624 1397 1788 1435 genus
1816 1386 2054 1424 incertae
2082 1392 2259 1425 vetus·

172 1457 275 1494 tati
305 1456 551 1506 affingit,
592 1456 648 1493 de
679 1456 1031 1506 navigatione
1060 1458 1273 1506 primum
1313 1455 1602 1506 consuluit,
1642 1464 1916 1507 postquam
1944 1459 2099 1507 pandi
2125 1459 2259 1501 viam

175 1536 228 1567 et
268 1541 412 1566 mare
452 1539 761 1577 prosperum
797 1530 1033 1579 accepit,
1091 1530 1147 1567 de
1186 1543 1237 1568 se
1275 1543 1365 1581 per
1405 1529 1648 1582 ambages
1691 1532 2025 1583 interrogat,
2081 1533 2258 1572 caesis

173 1600 543 1653 compluribus
572 1600 780 1639 ho‘stiis.
833 1600 1137 1651 Sostratus,
1176 1602 1498 1651 (sacerdotis
1525 1604 1574 1642 id
1612 1616 1795 1641 nomen
1825 1604 1965 1651 erat)
1993 1604 2078 1642 ubi
2115 1604 2259 1643 laeta

185 1681 239 1711 et
268 1674 623 1724 congruentia
652 1680 807 1723 exta,
853 1675 1161 1727 magnisque
1190 1675 1450 1715 consultis
1488 1688 1725 1715 annuere
1750 1675 1902 1715 Deam
1930 1677 2098 1728 videt,
2138 1691 2258 1729 pau-

172 1759 228 1787 ca
256 1748 305 1785 in
349 1759 609 1797 praesens
661 1754 711 1784 et
757 1746 921 1786 solita
948 1749 1308 1802 respondens,
1353 1751 1528 1800 petito
1566 1758 1807 1799 secreto,
1849 1751 2031 1789 futura
2076 1752 2260 1800 aperit.

175 1820 334 1868 Titus
373 1827 527 1857 aucto
567 1822 736 1857 animo
774 1821 834 1859 ad
872 1829 1071 1871 patrem
1108 1830 1425 1873 pervectus,
1470 1823 2181 1874 suspensis-provinciarum
2210 1832 2260 1864 et

176 1896 505 1934 exercituum
549 1893 837 1943 mentibus,
874 1897 1059 1945 ingens
1095 1909 1258 1933 rerum
1293 1897 1488 1941 fiducia
1528 1897 1768 1933 accessit.

311 1968 465 2006 Eodem
497 1975 677 2017 tempore
706 1967 985 2017 Vespasianus
1015 1966 1165 2006 bellum
1188 1969 1419 2020 judaicum,
1456 1967 1506 2018 ad
1534 1968 1667 2018 quod,
1704 1975 1749 2006 ut
1775 1980 1897 2019 supra
1926 1969 2097 2019 dictum,
2126 1982 2150 2008 a
2178 1967 2260 2008 Ne-

174 2054 276 2082 rone
306 2042 453 2078 missus
480 2048 580 2088 erat,
612 2051 723 2089 paene
753 2039 956 2091 finiverat,
987 2041 1075 2080 sola
1098 2041 1474 2091 Hierosolymorum
1502 2042 1804 2092 oppugnatione
1831 2040 1987 2080 relicta.
2039 2042 2261 2092 Vespasia·

175 2130 276 2164 nus,
316 2116 382 2165 qui
413 2122 514 2152 teste
540 2112 685 2152 Tacito
715 2126 807 2153 acer
836 2125 922 2154 erat
952 2115 1130 2167 militiae,
1169 2126 1311 2168 agmen
1340 2113 1545 2164 anteibat,
1574 2113 1924 2154 locum‘idoneum
1960 2116 2103 2154 castris
2126 2116 2260 2168 capie-

176 2189 260 2237 bat,
292 2196 412 2226 noctu
443 2188 589 2238 diuque
619 2187 805 2237 consilio,
836 2202 895 2237 ac,
927 2191 960 2227 si
980 2204 1045 2228 res
1075 2196 1274 2241 posceret,
1302 2201 1422 2226 manu
1452 2187 1635 2226 hostibus
1663 2186 1935 2238 obnitebatur,
1964 2187 2055 2227 cibo
2076 2187 2259 2239 fortuito,

178 2270 292 2301 veste
324 2260 545 2313 habituque
576 2262 643 2300 vix
674 2275 697 2299 a
723 2264 912 2313 gregario
942 2262 1069 2302 milite
1100 2261 1376 2313 discrepabat,
1415 2263 1579 2300 omnino
1608 2262 1786 2313 antiquis
1815 2260 1981 2302 ducibus
2008 2274 2102 2313 par,
2132 2262 2260 2303 tribus

176 2334 338 2386 praefuit
374 2332 627 2386 legionibus,
659 2332 874 2374 Mucianus
905 2349 1025 2387 vero,
1073 2349 1189 2389 quem
1219 2351 1241 2388 e
1269 2336 1473 2376 contrario
1512 2333 1817 2387 magnificentia
1845 2342 1886 2373 et
1913 2347 2011 2385 opes
2049 2342 2089 2374 et
2116 2343 2260 2375 cuncta

175 2410 381 2460 privatum
418 2409 580 2446 modum
617 2420 900 2459 supergressa,
940 2409 1215 2460 extollebant,
1253 2410 1491 2461 praepositus
1519 2407 1669 2458 Syriae,
1714 2415 1886 2461 quatuor
1924 2408 2039 2447 duxit
2064 2406 2262 2460 legiones.

176 2481 374 2533 Utrique,
405 2481 589 2532 quamvis
619 2480 796 2520 moribus
825 2496 1069 2540 magnopere
1098 2485 1205 2522 inter
1232 2490 1275 2522 se
1304 2482 1470 2532 diversi,
1499 2494 1604 2519 nunc
1631 2481 1775 2532 positis
1804 2481 1908 2520 odiis
1935 2482 2173 2520 societatem
2200 2483 2261 2520 in-

180 2564 301 2603 eunt,
347 2556 462 2604 cujus
500 2562 640 2592 auctor
668 2553 788 2592 Titus
826 2556 913 2593 suit.
976 2556 1084 2594 Ante
1114 2558 1203 2606 ejus
1238 2557 1456 2594 adventum
1481 2555 1729 2605 Vespasiani
1766 2561 1807 2591 et
1834 2553 2017 2592 Muciani
2055 2555 2262 2593 exercitus

181 2625 358 2666 Othonis
387 2613 681 2665 sacramentum
712 2636 975 2679 acceperant,
1004 2630 1074 2669 sed
1103 2643 1193 2668 cum
1221 2629 1420 2679 audirent,
1451 2626 1657 2667 Othonem
1686 2635 1726 2665 et
1744 2625 1960 2668 Vitellium
1988 2610 2172 2668 scelestis
2199 2641 2262 2667 nr-

177 2700 253 2737 inis
281 2714 345 2738 res
365 2699 568 2738 Romanas
592 2708 749 2750 raptum
773 2703 847 2750 irc,
873 2716 983 2740 arma
1010 2716 1174 2741 movere
1204 2702 1432 2752 voluerunt,
1463 2702 1555 2741 freti
1585 2702 1761 2754 propriis
1785 2700 1958 2751 viribus,
1988 2712 2080 2740 nam
2109 2710 2263 2754 septem

177 2770 362 2824 legiones
407 2786 495 2813 cum
532 2773 650 2823 Syria
698 2782 738 2812 et
772 2774 933 2824 Judma,
991 2777 1203 2829 Aegyptus
1244 2777 1407 2828 duaeque
1446 2775 1654 2828 legiones,
1711 2775 1969 2827 Cappadocia
2006 2775 2259 2827 Pontusque,
