2470 3202
171 284 400 331 quatuor
434 278 741 332 elephanti,
786 294 842 321 ae
876 292 1119 332 pecorum
1152 281 1489 333 ferarumque
1527 275 1701 318 millia
1730 286 1916 316 novem
1953 272 2245 313 interfecta

170 360 325 403 sunt,
369 365 501 405 quae
537 352 791 392 mulieres
830 367 1068 406 quoque,
1115 367 1216 393 non
1256 361 1424 392 tamen
1471 351 1713 402 nobiles,
1753 363 1849 390 una
1888 349 2244 401 confecerunt.

169 421 331 464 Multi
358 426 465 465 viri
493 431 843 465 certaverunt
869 436 1076 467 munere
1104 405 1448 479 g¹a‚diatori⁰;
1485 425 1637 465 multi
1665 436 1870 475 quoque
1900 422 2129 460 conferti
2157 435 2244 472 pe-

127 497 384 551 ,destris
427 511 484 537 ac
531 498 748 538 navalia
789 499 1001 550 proelia
1047 488 1429 540 commiserunt.
1506 498 1631 538 Nam
1680 495 2079 548 amphitheatro
2135 496 2242 533 isto

167 578 392 621 repente
430 584 560 621 aqua
596 571 845 622 impleto,
886 574 937 611 in
975 575 1141 624 ipsum
1179 586 1339 625 equos
1375 581 1686 625 taurosque,
1731 570 1940 620 aliaque
1969 575 2244 606 mansueta

167 642 430 683 animalia
474 644 811 696 introduxit,
868 658 998 698 quae
1035 643 1421 686 condocefacta
1458 646 1670 685 fuerant
1707 645 1882 682 cadem
1918 645 1968 680 in
1995 655 2130 693 aqua
2166 639 2244 678 fa·-

168 727 289 755 cere
328 717 525 766 omnia,
576 730 709 769 quae
746 720 795 756 in
834 726 980 759 terra
1016 727 1417 758 consueverant.
1476 719 1788 758 Introduxit
1827 725 1879 755 et
1917 715 2153 754 homines
2189 716 2241 753 in

166 788 418 839 navibus,
456 790 620 842 quiin
650 789 1012 841 Corcyrenses
1039 800 1088 831 et
1115 792 1425 832 Corinthios
1463 793 1657 842 divisi,
1703 789 1913 843 proelio
1951 788 2029 828 ibi
2058 787 2242 827 navali

166 865 527 903 certaverunt.
589 864 757 903 Extra
789 864 964 904 urbem
999 872 1283 918 pugnatum
1320 874 1398 906 est
1434 865 1493 905 ab
1532 865 1657 905 aliis
1694 867 1747 904 in
1784 875 1996 902 nemore
2036 862 2153 913 Caji
2190 870 2242 900 et

166 936 354 985 Lucii,
401 936 534 988 quod
570 935 837 989 Augustus
876 938 1047 978 effodi
1087 939 1146 977 ob
1181 941 1391 979 eandem
1431 942 1926 989 causam'jusserat.
1988 936 2069 976 lbi
2107 938 2241 976 enim

166 1011 331 1062 primo
369 1010 451 1049 die
486 1009 640 1050 ludus
676 1010 1058 1063 gladiatorius,
1098 1000 1392 1063 caedesque
1430 1012 1725 1053 belluarum
1762 1010 1906 1049 facta
1942 1018 2049 1055 est3
2093 1009 2240 1060 lacu,

167 1093 264 1134 qua
305 1089 452 1134 parte
489 1090 692 1122 statuas
731 1093 962 1136 spectat,
1006 1087 1280 1125 asseribus
1315 1087 1698 1134 inaedificato,
1741 1091 1794 1122 et
1827 1084 1962 1123 foris
1997 1096 2053 1122 ac
2091 1082 2240 1121 tabu-

165 1154 295 1195 latis
334 1156 564 1208 undique
601 1159 935 1199 circumdato.
988 1160 1251 1201 Postridie
1288 1161 1403 1210 ojus
1440 1160 1551 1198 diei
1584 1157 1697 1196 ludi
1731 1157 2033 1206 circenses,
2079 1158 2240 1195 tertio

169 1230 252 1270 die
290 1228 775 1281 navaleproelium
811 1228 1004 1273 facium
1043 1242 1149 1274 est:
1203 1242 1322 1284 post
1357 1232 1486 1272 haec
1521 1232 1793 1283 pedestris
1839 1243 2011 1282 pugna
2057 1242 2241 1269 conse-

168 1310 325 1354 quuta
362 1311 453 1343 est.
505 1302 627 1345 Nam
654 1305 1043 1358 Athenienses,
1090 1309 1359 1358 superatis
1386 1307 1734 1356 Syracusanis
1771 1304 1878 1354 (his
1918 1305 2050 1341 enim
2080 1305 2241 1341 norni-

165 1374 321 1415 nibus
361 1378 443 1415 usi
487 1378 892 1430 pugnaverunt)
938 1382 990 1419 in
1036 1380 1257 1420 insulam
1295 1380 1728 1428 exscenderunt,
1763 1385 1812 1416 et
1848 1389 2042 1416 murum
2079 1390 2240 1430 quen-

167 1448 281 1488 dam
315 1450 526 1500 adorti,
581 1453 667 1502 qui
703 1453 898 1491 circum
943 1456 1062 1504 ejus
1096 1452 1207 1493 loci
1243 1460 1628 1494 monumentum
1664 1453 1855 1491 ductus
1893 1459 2034 1502 erat,
2089 1465 2240 1502 cepe-

164 1529 298 1562 runt.
358 1522 526 1562 Fuere
566 1536 655 1575 per
690 1533 901 1563 centum
930 1526 1043 1564 dies
1072 1527 1188 1576 ejus
1223 1528 1359 1566 modi
1395 1525 1700 1577 spectacula
1735 1525 2018 1575 pascendis
2056 1524 2240 1564 oculis.

164 1596 268 1636 Sed
304 1603 352 1635 et
385 1596 527 1646 plebi
563 1597 695 1637 utile
734 1598 862 1651 fuit,
914 1602 1048 1652 quod
1085 1600 1238 1640 Titus
1282 1612 1473 1651 parvos
1519 1598 1707 1652 globos
1752 1596 1960 1650 ligneos
1995 1598 2050 1637 do
2085 1611 2239 1649 supe-

165 1668 314 1710 riore
360 1667 479 1708 loco
519 1672 728 1720 J'aceret
771 1673 822 1711 in
859 1672 1153 1723 theatrum,
1209 1674 1294 1724 qui
1329 1680 1588 1712 tesseram
1627 1669 1971 1710 continebant
2005 1670 2239 1721 aliqu‘us

166 1739 457 1791 esculenti,
514 1745 759 1782 vestisve
797 1753 887 1783 aut
929 1746 1077 1784 vasis
1110 1746 1358 1797 argentei
1401 1744 1499 1783 aut'
1534 1744 1713 1801 aurei,
1779 1753 2138 1793 equorumque
2188 1751 2240 1781 et

160 1813 548 1865 jumentorum,
599 1823 650 1854 et
682 1818 956 1868 pecudum,
998 1828 1056 1857 ac
1091 1818 1482 1869 mancipiorum.
1554 1816 1691 1873 Quos
1727 1813 1920 1868 globos
1959 1815 2044 1864 qui
2083 1827 2241 1864 rapu·

164 1885 332 1934 isset,
388 1886 779 1939 attulissetque
824 1892 885 1930 ad
937 1892 1344 1942 dispensatores
1389 1901 1676 1937 munerum3
1730 1888 1864 1942 quod
1916 1888 2238 1939 inscriptum

166 1966 309 2011 erat,
354 1961 801 2015 consequebatur.
902 1960 910 1968 ’

278 2027 346 2074 ‘In
374 2024 583 2087 omnibus,
622 2048 710 2088 quae
737 2039 938 2092 suscepit,
974 2038 1116 2091 populi
1142 2037 1316 2080 salutem
1343 2045 1436 2077 ante
1462 2036 1606 2078 oculos
1633 2035 1799 2088 habuit,
1838 2048 1918 2088 qua
1944 2034 1993 2075 de
2021 2048 2144 2075 causa
2170 2047 2239 2087 pe-

167 2105 346 2148 tentibus
374 2107 477 2147 nihil
506 2112 693 2163 negavit,
722 2114 1004 2165 neminemque
1032 2116 1122 2153 sine
1149 2127 1222 2165 spe
1250 2114 1413 2162 dimisit,
1440 2112 1524 2150 vid.
1549 2111 1663 2151 Suet.
1690 2110 1774 2150 Tit.
1800 2124 1835 2149 c.
1863 2113 1903 2150 8.
1953 2109 2010 2149 ln
2039 2111 2239 2150 ceteris

166 2194 298 2223 vero
343 2183 640 2225 desideriis
681 2185 938 2226 hominum
979 2185 1402 2228 obstinatissime
1446 2186 1648 2237 tenuit,
1704 2197 1766 2223 ne
1802 2196 1948 2236 quem
1990 2183 2108 2222 sine
2148 2195 2237 2234 spe

166 2255 480 2296 dimitteret.
551 2256 686 2306 Quin
720 2266 771 2298 et
804 2260 1205 2301 admonentibus
1242 2260 1577 2309 domesticis,
1624 2259 1775 2311 quasi
1811 2256 1964 2308 plura
2000 2255 2236 2308 pollice-

165 2336 343 2379 retur,
388 2341 535 2380 quam
563 2340 837 2381 praestare
865 2341 1077 2386 posset:
1129 2332 1243 2373 Non
1270 2340 1546 2385 oportere,
1591 2333 1698 2381 ait,
1746 2341 2047 2382 quemquam
2075 2343 2098 2368 a
2125 2342 2237 2369 ser-

165 2413 311 2440 mone
347 2403 613 2453 principis
652 2407 862 2445 tristem
898 2407 1189 2447 discedere.
1257 2405 1446 2446 Notanda
1472 2411 1567 2444 sunt
1594 2403 1670 2443 hac
1698 2405 1742 2442 in
1771 2404 1983 2442 occasiane
2011 2402 2136 2441 verba
2165 2402 2236 2441 Ti-

165 2472 218 2522 ti,
239 2484 366 2524 ‘quae,
414 2482 460 2513 nt
493 2488 654 2527 semper
680 2478 723 2517 in
756 2480 938 2531 cujusvis
971 2480 1168 2531 principis
1202 2480 1336 2518 animo
1371 2484 1610 2530 versentur,
1649 2477 1771 2528 digna
1797 2483 1914 2525 sunt,
1961 2488 2077 2524 nam,
2117 2488 2237 2527 quum

164 2546 368 2599 quondam
393 2559 517 2599 super
544 2560 695 2590 caenam
720 2553 955 2592 recordatus
980 2559 1105 2604 esset,
1134 2566 1178 2593 se
1202 2552 1304 2592 nihil
1331 2551 1427 2590 boni
1449 2563 1499 2590 eo
1523 2551 1588 2590 die
1618 2550 1868 2602 praestitisse,
1898 2549 2012 2587 dixit.
2045 2547 2236 2597 Amici,

165 2616 321 2659 hodic
349 2621 486 2661 diem
511 2625 731 2675 perdidi.
756 2627 839 2666 vid.
858 2626 1000 2667 Aurel.
1024 2627 1135 2669 vict.
1162 2628 1259 2680 epit.
1285 2641 1317 2666 c.
1346 2629 1412 2666 10.
1464 2624 1691 2673 Quadam
1718 2624 1879 2662 etiam
1906 2622 2015 2672 die,
2052 2634 2238 2660 recon-

169 2690 299 2732 dam
331 2697 546 2749 vesperi
581 2696 718 2738 nibil
759 2713 815 2740 se
857 2701 1094 2755 cuiquam
1134 2689 1514 2753 praestitisse,
1562 2697 1864 2738 venerando
1902 2694 2236 2746 coelestique

168 2762 340 2811 dicto:
373 2767 572 2821 Amici,
615 2772 722 2823 ait,
767 2774 1098 2828 perdidimus
1133 2775 1277 2816 diem.
1310 2785 1483 2825 compar.
1508 2772 1679 2822 Eutrop.
1704 2774 1746 2822 7,
1774 2774 1842 2811 21.
1888 2768 2001 2810 Suet.
2028 2767 2112 2808 Tit.
2138 2781 2171 2808 c.
2200 2772 2237 2822 8·

1129 2854 1134 2859 '
1675 2848 1701 2885 3
