2470 3202
1012 183 1412 225 —18—

170 299 316 351 ficit,
363 299 512 340 solet.
554 300 944 342 <occursabant
980 300 1374 353 trepidantibus
1403 299 1578 341 ndlmc
1613 300 1784 341 oculis
1821 307 2016 340 mutata
2052 303 2251 353 omnin,

171 360 386 427 altoque
424 375 632 425 cinere,
684 381 932 427 tanquam·
966 375 1109 426 nive,
1155 374 1393 422 obducta.
1868 365 1874 379 ¹

304 448 420 487 Haec
449 448 683 498 calamitas,
713 462 815 500 quae
845 452 929 488 832
955 462 997 486 a.
1018 462 1057 486 u.
1084 463 1117 487 c.
1147 454 1199 489 79
1228 462 1265 499 p.
1293 449 1368 488 Cb.
1395 449 1562 497 accidit,
1592 446 1706 498 Tito,
1736 450 1880 499 quavis
1910 449 2057 486 virtute
2084 449 2252 501 insigni,

171 520 407 574 opulentum
437 520 639 559 auxilium
667 520 816 573 ubique
845 521 1016 571 serendi,
1047 523 1299 562 occasionem
1330 522 1452 561 dedit.
1495 523 1647 574 fecit,
1686 533 1773 575 quae
1800 506 1956 572 pdtuit,
1993 530 2036 560 ut
2065 523 2252 562 damnum

170 596 401 634 resarciret.
482 593 676 632 Testibus
704 594 903 633 Suetonio
933 601 974 631 et
1002 592 1220 645 Xiphilino
1257 596 1392 634 statim
1421 596 1522 634 duos
1550 596 1662 633 viros
1700 592 1950 645 consulares,
1979 593 2123 646 quibus
2151 594 2252 634 mul-

170 672 253 707 tu'm
283 669 467 718 pecuniae
496 668 630 716 dedit,
669 667 930 708 restituendae
958 665 1192 717 Campaniae
1227 670 1347 707 misit.
1400 668 1516 707 Bona
1544 682 1706 717 eorum,
1758 669 1826 718 qui
1854 669 2038 707 Vesuvio
2067 670 2250 719 oppressi

171 748 313 791 erant,
346 730 595 793 quorumque
625 739 797 779 heredes
825 739 1171 792 non·exstabant,
1200 742 1447 781 restitutioni
1476 740 1717 781 afflictarum
1745 732 1959 781 civitatum
1981 740 2176 781 attribuit.
2202 739 2253 782 cf.

170 812 397 865 Xiph.,66,
426 818 494 855 24.
521 814 635 854 Suet.
670 815 754 854 Tit.
782 828 814 853 c.
844 803 893 855 8.¹
936 816 1115 866 Lapides
1145 823 1281 854 nostro
1310 823 1492 866 tempore
1521 818 1680 854 inventi
1707 817 1807 854 satis
1836 816 2038 864 indicant,
2077 814 2251 867 permul-

170 896 211 926 ta
238 901 311 938 per
339 887 478 926 Titum
507 901 597 926 esse
625 890 825 927 restituta.
880 888 1000 938 Dum,
1029 896 1074 926 ut
1101 887 1341 939 Xiphilinus
1369 896 1528 938 narrat,
1559 890 1608 927 ad
1637 888 1908 927 calamitatem
1931 888 2163 939 Campaniae
2189 889 2252 927 vi·

169 963 336 1002 seudam
364 961 462 1002 illuc
489 962 695 1013 profectus
724 969 807 1012 est,
837 975 944 1001 anno
975 965 1057 1003 833
1086 964 1193 1015 ignis
1221 961 1353 1001 subito
1382 969 1553 1001 exortus
1579 973 1767 1013 magnam
1796 961 1931 1000 Bomae
1961 970 2113 1013 partem
2141 960 2251 1000 dele-

168 1038 241 1076 vit.
295 1034 556 1086 Incendium,
586 1036 692 1087 quod
721 1047 794 1086 per
822 1042 905 1074 tres
934 1036 1022 1074 dies
1051 1020 1270 1088 noctesque
1297 1034 1373 1073 fuit
1400 1035 1481 1074 vid.
1509 1033 1622 1074 Suet.
1651 1032 1723 1074 Tit
1751 1038 1789 1075 8.
1816 1034 1974 1075 Victor.
2002 1035 2097 1086 epit.
2124 1047 2156 1074 c.
2187 1037 2252 1076 10.

167 1109 363 1149 absumsit
399 1117 545 1159 praeter
573 1111 733 1160 privata
770 1109 958 1148 aedificia
984 1109 1195 1161 Serapidis
1223 1115 1263 1145 et
1290 1107 1411 1146 Isidis
1439 1108 1557 1157 fana,
1597 1107 1790 1158 templum
1819 1107 2030 1159 Neptuni,
2061 1107 2249 1146 balneum

168 1182 385 1234 Agrippae,
415 1181 651 1232 Pantheon,
681 1181 987 1231 Diribitorium,
1025 1182 1230 1222 theatrum
1257 1179 1399 1231 Balbi,
1438 1194 1601 1220 scenam
1630 1181 1837 1233 Pompeji,
1868 1180 2101 1220 octaviana
2122 1178 2249 1221 oedifi-

169 1257 233 1295 cia
260 1269 343 1303 una
379 1267 468 1294 cum
494 1247 637 1304 libris,
686 1253 880 1306 templum
905 1254 1022 1294 Jovis
1050 1254 1274 1307 Capitolini
1311 1267 1400 1294 cum
1436 1257 1636 1306 proximis
1664 1254 1838 1306 templis.
1891 1253 2035 1305 Titus,
2082 1267 2134 1294 ne
2161 1253 2247 1294 ullo

167 1332 288 1371 modo
317 1332 430 1370 cives
457 1337 660 1387 premeret
686 1337 756 1368 aut
785 1312 976 1379 vexaret,
1004 1329 1078 1369 illa
1105 1330 1276 1370 aedificia
1303 1327 1465 1380 publica
1492 1329 1592 1379 sibi,
1633 1342 1714 1370 non
1742 1330 1899 1368 civitati
1926 1331 2097 1379 periisse
2125 1337 2249 1369 testa·

167 1412 232 1443 tus
260 1411 337 1454 est,
366 1411 407 1442 et
434 1403 598 1455 proprio
627 1386 760 1441 suintu
789 1415 838 1440 ea
865 1403 1054 1442 restituit.
1106 1401 1196 1443 Nec
1222 1417 1246 1442 a
1273 1402 1520 1454 civitatibus,
1550 1417 1625 1443 nec
1652 1417 1676 1442 a
1702 1404 1886 1455 privatis,
1916 1416 1993 1443 nec
2019 1416 2044 1442 a
2069 1391 2248 1456 regibus,

166 1476 266 1516 licet
295 1478 334 1515 ei
362 1475 489 1514 multa
517 1476 613 1514 dare
641 1474 799 1514 vellent
828 1482 867 1514 et
896 1475 1211 1528 pollicerentur,
1240 1477 1393 1531 aliquid
1421 1478 1589 1530 accepit.
1615 1475 1802 1536 cf.·Suet.
1829 1476 1913 1517 Tit.
1940 1489 1972 1517 c.
2001 1482 2040 1519 8.
2091 1476 2249 1519 Urbis

168 1552 422 1590 incendio
452 1549 612 1599 nihil,
654 1551 761 1588 nisi
790 1549 923 1599 sibi,
962 1550 1175 1600 publice
1201 1552 1404 1600 perisse
1434 1557 1693 1599 testatus,
1724 1557 1916 1590 cuncta
1942 1552 2249 1600 praetorio·

166 1635 273 1665 rum
310 1635 518 1663 suorum
559 1630 867 1662 ornamenta
896 1622 1150 1674 oporibus
1187 1637 1244 1664 ac
1277 1622 1492 1675 templis
1521 1625 1854 1670 destinavit3
1896 1626 2248 1675 praeposuit-

168 1711 262 1752 que
309 1696 610 1747 complures
648 1708 712 1735 ex
757 1697 997 1755 equestri
1046 1696 1259 1749 ordine,
1317 1711 1418 1751 quo
1454 1709 1691 1751 quaeque
1727 1699 1989 1738 maturius
2023 1711 2247 1752 perage·

154 1780 365 1816 rentur.
402 1773 513 1810 Lues
542 1783 726 1823 quoque,
757 1778 907 1823 quanta
931 1783 1010 1808 non
1035 1778 1181 1821 antea,
1206 1771 1299 1811 illas
1322 1772 1574 1811 calamitates
1596 1778 1736 1811 secuta
1759 1778 1832 1810 est.
1868 1771 2069 1811 Eusebius
2086 1774 2249 1824 quidem

167 1846 210 1884 in
239 1844 443 1884 chronicis
471 1857 560 1883 eam
598 1845 794 1883 accidisse
823 1844 897 1883 sub
924 1853 1039 1895 patre
1069 1845 1327 1896 Vespasiano
1356 1854 1397 1885 et
1424 1859 1498 1896 per
1533 1846 1682 1884 multos
1722 1847 1809 1884 dies
1848 1847 1986 1884 decem
2019 1846 2148 1885 millia
2176 1847 2248 1886 ho-

167 1919 320 1957 minum
348 1917 520 1971 singulis
559 1916 701 1957 diebus
737 1919 912 1970 periisse
942 1926 1102 1968 narrat,
1148 1920 1218 1959 sed
1246 1919 1491 1970 Suetonius,
1534 1918 1725 1960 Aurelius
1751 1919 1898 1960 Victor
1925 1927 1966 1958 et
1992 1918 2247 1973 Xiphilinus,

169 1994 237 2043 qui
267 1994 395 2029 cineri
424 2006 446 2029 e
469 1993 657 2031 Vesuvio
684 1994 817 2042 eJ'ecto
846 2005 936 2032 eam
964 1991 1121 2041 tribuit,
1150 1991 1226 2032 hac
1253 1992 1489 2044 pestilentia
1515 1992 1589 2052 sub
1619 1994 1789 2043 imperio
1811 1991 1897 2031 Titi
1927 1977 2132 2033 Romanos
2160 2007 2248 2034 cor·

167 2074 306 2117 reptos
334 2066 459 2105 fuisse
500 2066 649 2106 dicunt.
712 2064 834 2105 Titus
862 2065 1033 2104 salutem
1062 2067 1212 2104 civium
1239 2080 1408 2115 curans,
1452 2067 1589 2105 omnia
1616 2066 1666 2106 ad
1694 2065 1799 2104 mala
1834 2065 2026 2105 lenienda
2052 2067 2251 2107 adhibuit.

169 2140 218 2180 cf.
245 2139 357 2179 Suet.
384 2138 468 2179 Tit.
496 2153 529 2179 c.
558 2145 596 2181 8.
651 2137 945 2179 Medendae
984 2140 1319 2191 valetudini,
1357 2138 1741 2191 leniendisque
1780 2139 2000 2191 morbis,
2051 2140 2247 2181 nullam

171 2214 400 2254 divinam
438 2213 816 2265 humanamque
855 2225 1000 2263 opem
1032 2225 1129 2251 non
1167 2213 1437 2263 adhibui—t,
1479 2211 1740 2264 inquisito
1777 2214 1913 2251 omni
1941 2213 2247 2254 sacrificio-

168 2301 271 2327 rum
301 2288 753 2338 remediorumque
781 2300 985 2337 genere.
1041 2286 1179 2326 Aurel.
1206 2287 1314 2327 Vict.
1341 2288 1438 2336 epit.
1463 2299 1498 2325 c.
1528 2289 1592 2326 10.
1645 2273 1844 2331 Quibus
1873 2293 2038 2323 tamen
2068 2284 2244 2336 malis,

170 2358 317 2400 nullo
352 2357 581 2410 vexato,
625 2360 849 2411 pecunia
882 2360 1102 2411 propria
1139 2358 1409 2410 subvenit,
1449 2359 1663 2399 cunctis
1701 2359 2055 2398 remediorum
2089 2373 2247 2412 gene-

169 2432 355 2483 ribus,
398 2445 530 2472 nunc
567 2426 910 2484 aegrotantes
948 2445 1037 2485 per
1081 2433 1423 2484 semetipsum
1457 2429 1746 2483 reficiens,
1803 2444 1935 2471 nunc
1962 2431 2248 2474 consolans

169 2518 374 2547 suorum
411 2504 667 2545 mortibus
703 2504 953 2544 afflictos.

303 2579 407 2619 Tam
436 2563 563 2618 multa
591 2579 777 2629 adversa,
807 2578 953 2631 quibus
980 2577 1101 2618 Italia
1129 2576 1405 2630 afficiebatur,
1449 2578 1622 2633 quadam
1659 2578 1821 2618 ratione
1847 2575 1959 2618 felici
1987 2577 2085 2619 belli
2114 2580 2246 2632 exitu,

170 2640 278 2707 quod
293 2653 465 2693 Romani
490 2662 573 2692 tum
596 2655 639 2692 in
649 2652 863 2695 Britannia
887 2654 986 2692 duce
1006 2653 1198 2706 Agricola
1216 2653 1428 2705 gerebant,
1452 2660 1718 2704 compensata
1740 2659 1845 2690 sunt.
1882 2652 1958 2691 Cn.
1977 2653 2110 2692 Julius
2128 2654 2248 2705 Agri·

170 2726 261 2766 cola
298 2728 429 2766 veteri
467 2733 507 2764 et
543 2725 694 2765 illustri
721 2725 755 2765 F
758 2725 1068 2777 orojuliensium
1105 2724 1266 2765 colonia
1303 2734 1438 2777 ortus,
1483 2734 1604 2766 natus
1630 2724 1688 2766 Id.
1713 2724 1807 2765 Juu.
1836 2728 1919 2766 790
1944 2738 1981 2764 u.
2007 2738 2045 2764 u.
2072 2738 2105 2765 c.
2132 2734 2247 2778 patre

166 2800 278 2844 Julio
308 2800 497 2842 Graeclno
523 2801 722 2840 senatorii
748 2801 902 2841 ordinis
930 2810 969 2839 et
998 2811 1125 2842 nistre
1152 2799 1263 2841 Julia
1288 2799 1490 2852 Procilla,
1524 2807 1741 2853 postquam
1769 2811 1843 2851 per
1870 2811 2030 2853 omnem
2055 2797 2248 2840 honesta-
