2470 3202
1052 260 1176 298 .......·
1231 242 1290 284 12
1355 262 1460 273 .-

207 361 352 413 Servi,
402 361 548 417 quibus
576 361 812 414 reipublieoe
842 369 1024 413 tempore
1053 364 1095 402 in
1133 364 1338 403 dominum
1367 363 1644 403 testimonium
1671 363 1768 404 dare
1797 377 1879 404 non
1906 363 2036 416 liquit,
2064 363 2204 406 liberti
2231 365 2300 406 do·

205 438 407 475 minorum
443 446 485 475 et
520 445 785 488 patronorum
821 444 1082 476 accusatores
1119 426 1390 487 exstiterunt„
1443 438 1596 490 ubique
1626 427 1850 488 turpissimi
1878 439 2064 479 homines
2100 442 2201 490 ipsis
2236 438 2303 479 le-

203 509 325 563 gibus
353 511 580 562 principum
609 511 776 549 excitati
803 511 988 560 quemvis
1015 509 1184 561 probum
1213 510 1583 564 persequebantur,
1613 511 1835 563 supplicia,
1866 512 2014 563 exilia,
2056 514 2293 554 divitiarum

202 583 522 625 confiscationes
559 583 629 639 (sit
657 584 779 621 ve'nia
808 582 953 630 verbo)
989 585 1148 622 usitatae
1178 591 1294 623 erant
1320 596 1461 634 poenae.
1516 585 1649 625 Omne
1678 587 1830 627 crimen
1858 591 1934 637 pro
1962 586 2127 637 capitali
2154 600 2297 640 recep·

202 664 312 706 tum,
341 658 465 694 etiam
494 668 714 706 paucorum
743 655 1067 706 simpliciumque
1097 657 1335 707 verborum,
1375 670 1453 711 qua
1481 660 1530 697 de
1559 672 1682 698 causa
1709 658 1824 697 multi
1855 659 2014 698 nobiles
2042 660 2216 699 Romani
2243 673 2290 700 se

202 732 498 779 interfecerunt
526 730 606 769 vid.
624 728 742 769 Suet.
761 729 845 769 Tit.
873 734 940 770 61.
995 729 1128 770 Tacit.
1157 746 1250 771 ann.
1277 735 1317 781 3,
1352 735 1415 772 16.
1441 735 1484 782 4,
1514 733 1582 773 33.
1611 735 1651 783 6,
1681 736 1749 774 29.
1801 732 1890 786 Illis
1909 733 2160 773 delatoribus
2187 747 2295 775 sum·

201 807 260 845 mi
286 804 467 843 honores
495 811 537 842 et
564 805 743 842 maxima
771 816 939 842 munera
968 802 1267 849 deferebantur.
1303 805 1384 844 vid.
1409 804 1557 844 Juven.
1580 804 1690 854 Saty.
1722 809 1787 855 10,
1817 809 1887 845 87.
1911 809 1954 856 4,
1983 809 2052 847 48.
2104 806 2196 846 Hoc
2223 808 2295 847 tri·

200 879 254 916 sti
282 890 417 917 rerum
445 873 577 927 statu,
613 876 683 915 ubi
716 869 856 928 quivis
892 877 941 914 de
972 877 1057 914 vita
1098 878 1253 927 timuit,
1301 877 1423 916 Titus
1451 877 1612 929 legibus
1628 879 1873 930 impedivit,
1914 892 1965 918 ne
1993 879 2143 918 malum
2169 878 2293 919 latius

199 959 386 1001 reperet,
436 964 528 989 nam
565 952 697 1000 poenis
726 951 836 989 duris
872 957 1131 989 accusatores
1161 952 1357 990 deterruit
1393 952 1475 990 vid.
1501 951 1614 990 Suet.
1644 951 1728 991 Tit.
1756 957 1795 993 8.
1872 952 2024 992 Inter
2058 953 2292 993 adversa

200 1031 486 1075 temporum
533 1031 587 1062 et
631 1023 912 1062 delatores
967 1024 1414 1074 mandator-esque
1469 1032 1651 1075 erant,
1716 1038 1778 1064 ex
1822 1024 2050 1065 licentia
2077 1023 2079 1025 ’
2103 1027 2292 1066 veteri.
2323 1005 2333 1011 a

192 1098 307 1139 Hos
342 1100 564 1138 assidue
603 1100 656 1137 in
691 1097 812 1137 soro
850 1097 1109 1149 flagellis
1141 1089 1469 1152 ac‘fuptibus
1506 1110 1718 1148 caeses,
1762 1112 1818 1138 ae
1858 1100 2156 1138 novissime
2185 1106 2290 1140 tra-

197 1172 385 1212 ductos
425 1184 517 1221 per
553 1169 931 1220 amphitheatri
960 1167 1200 1220 aren'am,
1243 1171 1434 1220 partim
1464 1170 1695 1225 subjici,
1738 1185 1795 1211 ac
1832 1173 2021 1211 venire
2056 1173 2288 1223 impera·

195 1247 326 1296 vit,
353 1246 547 1297 partim
589 1245 641 1283 in
686 1244 1011 1296 asperrimas
1055 1243 1345 1284 insularum
1402 1243 1575 1283 avehi.
1653 1243 1823 1297 thue
1881 1247 2039 1284 etiam
2087 1244 2289 1285 similia

196 1321 508 1374 quandoque
547 1331 773 1358 ausuros
809 1318 1071 1370 p'erpetuo
1110 1325 1421 1367 coerceret,
1464 1319 1637 1357 vetuit
1664 1319 1807 1357 inter
1846 1327 2056 1369 cetera,
2097 1319 2159 1359 *de
2198 1333 2286 1360 ea·

195 1394 307 1434 dem
351 1406 405 1433 re
450 1391 693 1448 pluribus
736 1390 949 1444 legibus
995 1392 1113 1444 agi,
1179 1392 1438 1443 quaerive
1489 1392 1547 1431 de
1594 1393 1867 1443 cujusdem
1911 1393 2031 1432 defu
2050 1400 2286 1434 notorum

194 1475 367 1517 statu,
412 1465 556 1506 ultra
595 1472 773 1505 certos
810 1474 987 1504 annos.

326 1539 422 1579 Non
450 1539 583 1578 solum
611 1539 729 1577 bonis
751 1540 955 1589 justisque
983 1537 1147 1589 legibus
1174 1540 1353 1577 omnium
1381 1539 1538 1577 animos
1565 1537 1644 1577 sibi
1673 1538 1919 1589 obstrinxit,
1955 1541 2027 1579 sed
2056 1541 2203 1590 etiam,
2233 1548 2279 1579 ut

191 1612 427 1664 voluptates
453 1612 607 1664 popule
636 1620 917 1663 compararet,
954 1625 1125 1651 munera
1152 1613 1462 1664 apparatissima
1489 1619 1610 1663 atque
1638 1611 1869 1665 largissima
1898 1613 2037 1652 edidit.
2089 1611 2182 1653 Uno
2211 1625 2283 1652 ore

192 1701 336 1726 omnes
369 1687 482 1726 illius
518 1688 712 1737 temporis
747 1688 967 1735 scriptores
1003 1685 1172 1724 laudant
1208 1685 1552 1738 magnificentiam
1579 1685 1907 1736 et‘splendorem
1933 1686 2142 1737 ludorum,
2178 1699 2283 1738 quos

194 1760 317 1800 Titus
344 1759 599 1799 celebravit:
634 1759 714 1798 Per
742 1766 905 1798 centum
934 1760 1020 1798 dies
1049 1760 1092 1798 in
1121 1758 1259 1811 populi
1287 1759 1461 1811 gratiam
1483 1759 1569 1798 dies
1589 1759 1684 1797 festi
1711 1757 1951 1811 agebantur,
1981 1758 2127 1810 quibus
2152 1760 2196 1798 in
2215 1772 2282 1800 eo-

191 1834 328 1874 lendis
355 1835 557 1873 Suetonio
585 1840 779 1871 narrante
809 1840 921 1870 tanta
950 1835 1140 1871 comitate
1168 1832 1360 1884 populum
1388 1825 1624 1871 universum
1652 1834 1865 1883 tractavit,
1906 1840 1950 1871 ut
1977 1845 2059 1871 non
2087 1834 2137 1872 ad
2165 1844 2281 1872 suum

189 1911 261 1950 sed
294 1910 344 1949 ad
373 1909 643 1959 spectantium
679 1906 892 1946 arbitrium
921 1907 1125 1946 editurum
1154 1921 1197 1946 se
1226 1918 1375 1945 munus
1412 1905 1621 1957 professus
1658 1906 1725 1945 sit.
1776 1904 2132 1955 Amphitheatrum
2157 1920 2183 1945 a
2208 1918 2281 1958 pa-

191 1990 254 2021 tre
282 1980 516 2019 inchoatum
545 1980 737 2030 perfecit,
768 1978 905 2030 ibique
935 1978 1028 2017 illos
1057 1977 1176 2017 ludos
1202 1977 1488 2017 memorabiles
1516 1977 1751 2016 celebravit.
1804 1978 1909 2017 Illud
1938 1978 2280 2029 amphitheatrum

190 2055 265 2095 sub
296 2057 461 2094 nomine
489 2054 781 2107 amphitheatri
810 2054 1060 2104 Vespasiani
1089 2052 1157 2091 vel
1186 2052 1272 2092 Titi
1302 2061 1463 2103 notum,
1499 2053 1617 2104 cujus
1644 2051 1827 2105 reliquiae
1854 2060 1902 2106 et
1923 2054 2052 2093 nostri
2082 2050 2278 2105 temp‘oris

189 2129 393 2177 hominesv
416 2129 689 2167 admiratione
727 2134 769 2165 et
798 2134 964 2178 stupore
1000 2126 1195 2177 implent,
1242 2128 1525 2178 Vespasianus
1563 2135 1657 2177 post
1691 2126 1845 2166 bellum
1869 2128 2079 2182 judai-cum
2107 2130 2275 2180 incepit,

187 2203 259 2243 sed
291 2215 371 2241 non
399 2201 589 2244 absolvit.
642 2199 766 2240 Plura
792 2201 955 2252 quidem
984 2199 1121 2239 Romae
1150 2208 1266 2239 erant
1301 2199 1603 2252 amphitheatra
1637 2208 1682 2239 ut
1710 2199 1933 2253 Caligulae,
1974 2200 2161 2252 Claudii,
2202 2202 2277 2243 sed

188 2279 327 2316 omnia
355 2284 534 2315 nostrum
564 2276 842 2327 magnitudine
869 2275 1101 2326 superavit,
1133 2287 1224 2312 nam
1251 2273 1392 2313 habuit
1419 2275 1659 2313 immensum
1687 2275 1899 2313 circuitum
1927 2281 2159 2328 tantamque
2183 2274 2276 2314 alti-

188 2352 392 2398 tudinem,
441 2357 486 2386 ut
514 2348 656 2388 oculus
684 2360 776 2387 eam
803 2349 877 2387 vix
906 2349 1041 2387 metiri
1069 2348 1266 2398 potuerit.
1335 2347 1435 2394 Quae
1462 2348 1699 2398 magnitudo
1728 2340 1872 2397 fuerit,
1921 2361 1976 2387 ex
2003 2349 2274 2398 spectantium

185 2436 357 2463 numero
379 2428 508 2473 patet,
537 2421 746 2474 octoginta
762 2420 893 2460 millia
921 2432 1065 2472 nempe
1094 2419 1321 2469 hominum,
1351 2410 1482 2458 velut
1508 2418 1582 2458 alii
1607 2420 1786 2470 tradunt,
1814 2427 1976 2459 centum
2002 2419 2131 2460 millia
2149 2421 2272 2473 cepit,

185 2499 354 2550 triginta
382 2494 563 2534 millibus
589 2495 821 2534 Judaeorum
857 2496 899 2532 in
935 2507 987 2533 eo
1015 2492 1253 2533 aedificando
1281 2493 1583 2543 Vespasianum
1610 2504 1726 2531 usum
1755 2493 1880 2532 fuisse
1909 2501 2089 2533 narrant.
2151 2492 2273 2533 Titus

185 2569 490 2623 amphitheatro
518 2569 730 2618 dedicato,
767 2566 937 2607 thermis
957 2570 1083 2619 juxta
1117 2565 1307 2606 celeriter
1343 2568 1563 2607 exstructis
1589 2567 1673 2606 vid.
1700 2566 1812 2607 Suet.
1839 2566 1924 2607 Tit.
1950 2581 1985 2607 c.
2012 2571 2051 2608 7.
2078 2575 2121 2607 et
2146 2567 2271 2612 Mare.

185 2645 236 2684 de
266 2651 391 2694 spect.
418 2648 457 2684 2.
511 2641 637 2692 Hic,
684 2640 770 2680 ubi
809 2643 1047 2681 miramur
1076 2639 1287 2680 velocia
1323 2654 1552 2692 munera,
1591 2640 1822 2689 thermas
1850 2650 1900 2681 et
1923 2650 2019 2681 cet.
2046 2642 2270 2682 certa-tina

182 2715 436 2770 gladiatore,
481 2713 670 2767 proelium
709 2714 879 2766 navale,
924 2716 1166 2754 venationes
1194 2714 1316 2754 dedit.
1402 2712 1497 2756 Uno
1526 2715 1591 2754 die
1628 2716 1806 2768 quinque
1839 2713 1969 2754 millia
1995 2715 2173 2754 ferarum
2198 2713 2268 2756 vel

182 2790 403 2842 Xiphilino
432 2797 623 2830 narrante
653 2800 799 2828 novem
828 2788 958 2828 millia
985 2791 1026 2829 in
1055 2801 1221 2829 arenam
1251 2790 1370 2828 ducta
1396 2797 1502 2830 sunt.
1563 2789 1676 2839 Idem
1703 2788 1921 2829 historicus
1949 2791 2019 2839 66,
2056 2791 2111 2830 25
2139 2789 2193 2830 ad
2217 2787 2268 2830 il-

181 2865 245 2907 los
274 2865 393 2906 ludos
421 2864 664 2918 magnificos
691 2862 1127 2905 describendosvdieit:
1175 2862 1342 2904 Grues
1378 2864 1513 2906 enim
1540 2866 1891 2906 certaverunt
1928 2864 2069 2906 inter
2101 2878 2180 2911 se;
2215 2872 2267 2904 et
