2470 3202
984 117 1385 198 ξίν-

154 247 262 289 diei
298 250 487 301 prima,
534 251 793 295 etadhuc
837 251 1018 292 dubius
1051 259 1103 291 et
1141 254 1287 304 quasi
1322 236 1597 309 languidus
1635 254 1771 298 dies3
1820 255 1922 303 jam
1955 252 2221 303 quassatis

152 324 661 374 circumjasentibus
702 328 897 376 tectis,
942 338 1245 377 quamquam
1280 328 1328 364 in
1365 336 1551 377 aperto
1591 325 1739 375 loco,
1779 334 2000 377 angusto
2027 333 2219 375 tamen,

101 433 106 436 ,
148 407 363 451 magnus
398 404 449 434 et
486 404 663 437 certus
699 400 888 438 ruinae
925 406 1105 448 metus.
1170 398 1295 438 Tum
1329 401 1520 439 demum
1565 400 1826 438 excedere
1865 398 2057 449 oppido
2095 397 2219 447 (Mi-

144 467 302 518 seno)
339 469 518 508 visum.
572 469 827 522 Sequitur
861 471 1055 524 vulgus
1091 474 1409 522 attonitum,
1449 473 1691 524 quodque
1721 474 1771 509 in
1808 483 2003 521 pavore
2043 470 2217 509 simile

146 545 496 600 prudentiae,
559 544 796 584 alienum
842 545 1124 585 consilium
1169 559 1263 584 suo
1315 546 1581 597 praefert,
1644 529 1965 597 ing-entique
2012 546 2217 596 agmine

143 612 404 654 abeuntes
441 618 633 666 premit
669 626 719 656 et
754 617 1004 668 impellit.
1081 617 1298 670 Egressi
1332 627 1471 657 tecta
1509 619 1868 657 consistimus.
1941 614 2108 655 Multa
2145 616 2218 654 ibi

145 689 413 738 miranda,
459 688 651 729 multas
687 689 1006 730 formidines
1040 692 1280 742 patimur.
1356 677 1478 729 Nam
1516 689 1785 739 vehicula,
1829 702 1956 741 quae
1995 689 2218 738 produci

140 764 498 813 jusseramus,
544 776 846 816 quamquam
889 767 941 804 in
982 765 1294 816 planissimo
1335 777 1541 814 campo,
1598 765 1648 801 in
1692 763 1990 802 contrarias
2036 770 2216 812 partes

142 834 472 888 agebantur,
521 848 579 876 ac
623 850 683 876 ne
719 837 991 889 lapidibus
1030 839 1236 890 quidem
1270 834 1424 886 ful-ta,
1470 838 1519 873 in
1559 836 1736 873 eodem
1784 835 2024 886 vestigio
2068 836 2216 884 quie·

145 906 373 947 scebant.
427 909 714 948 Praeterea
741 922 880 950 mare
908 913 960 951 in
988 924 1042 950 se
1079 907 1373 957 resorberi,
1413 916 1462 946 et
1490 916 1716 946 tremore
1742 915 1922 946 terrae
1960 908 2108 959 quasi
2136 919 2216 944 re-

144 979 277 1033 pelli
313 979 609 1020 videbatur.
685 982 845 1021 Certe
881 990 1229 1035 processerat
1264 982 1419 1020 littus
1456 981 1719 1031 multaque
1756 980 2018 1020 animalia
2056 981 2216 1019 maris

144 1055 323 1093 arenis
372 1055 536 1094 siccis
586 1055 881 1096 detinebat.
954 1055 1029 1096 Ab
1077 1055 1248 1097 altero
1296 1054 1683 1095 latere.nubes
1719 1063 1833 1095 atra
1871 1062 1920 1094 et
1956 1053 2216 1094 horrenda

144 1127 293 1180 ignei
316 1127 542 1177 spiritus
569 1129 728 1168 tortis
757 1127 1092 1181 vibratisque
1121 1128 1454 1169 discursibus
1482 1136 1657 1179 rupta,
1685 1130 1740 1166 in
1767 1127 1954 1180 longas
1981 1127 2216 1167 flamma-

143 1214 250 1240 rum
286 1202 492 1252 figuras
520 1202 859 1241 dehiscebat:
900 1202 1201 1255 fulgoribus
1227 1202 1354 1241 illae
1392 1210 1442 1239 et
1470 1200 1676 1239 similes
1713 1209 1763 1239 et
1790 1204 2016 1252 majores
2050 1211 2215 1241 erant.

144 1296 197 1304 —
223 1295 274 1305 —
303 1287 396 1313 nec
433 1273 596 1313 multo
632 1274 878 1326 postilla
915 1275 1073 1316 nubes
1110 1276 1423 1316 descendere
1463 1275 1514 1313 in
1553 1281 1750 1326 terras,
1791 1276 2003 1326 operire
2040 1275 2215 1314 maria.

143 1346 408 1387 Cinxerat
444 1346 706 1400 Capreas,
752 1356 802 1388 et
838 1348 1212 1395 absconderat3
1259 1348 1477 1398 Miseni,
1516 1348 1651 1399 quod
1688 1349 1990 1399 procurrit,
2037 1346 2215 1386 abstu-

140 1420 291 1460 lerat.
317 1442 370 1450 -
428 1421 535 1459 Jam
572 1423 730 1472 cinis,
773 1423 938 1463 adhuc
973 1431 1142 1461 tamen
1176 1435 1350 1462 rarus:
1386 1422 1654 1471 respici03
1693 1422 1863 1461 densa
1892 1419 2072 1473 caligo
2109 1428 2213 1459 ter·

139 1495 222 1548 gis
272 1493 611 1546 imminebat,
668 1508 797 1548 quae
843 1509 934 1536 nos
977 1496 1241 1536 torrentis
1283 1495 1429 1534 modo
1474 1494 1649 1533 infusa
1692 1500 1838 1533 terra
1878 1492 2213 1546 sequebatur.

141 1566 536 1617 Deflectamus,
592 1570 830 1621 inquam,
881 1571 992 1609 dum
1024 1571 1285 1615 videmus,
1339 1581 1398 1606 ne
1435 1569 1488 1605 in
1527 1570 1613 1606 via
1651 1569 1811 1607 strati
1848 1568 2212 1607 comitantium

143 1639 293 1680 turba
329 1641 380 1679 in
419 1639 660 1681 tenebris
698 1642 1014 1684 obteramur.
1066 1628 1169 1684 Vi'x
1204 1641 1629 1691 consederamus,
1677 1647 1725 1678 et
1758 1652 1886 1691 nox,
1926 1652 2024 1678 non
2061 1641 2212 1691 quasi

140 1713 337 1754 illunis
373 1720 423 1751 et
457 1713 666 1765 nubila,
706 1716 795 1755 sed
830 1715 1006 1769 qualis
1042 1717 1095 1754 in
1130 1714 1263 1755 locis
1299 1713 1499 1753 clausis
1534 1712 1730 1751 lumine
1769 1714 2058 1752 exstineto.
2110 1713 2212 1752 Au·

141 1787 283 1827 dires
319 1785 555 1826 ululatus
589 1786 929 1840 feminarum,
972 1790 1254 1829 infantium
1290 1788 1608 1838 queri-tatus,
1658 1780 1916 1826 clamores
1951 1787 2211 1834 virorum3

140 1856 242 1896 alii
278 1866 560 1910 parentes,
598 1859 698 1900 alii
725 1860 956 1913 liberos,
1002 1861 1382 1913 aliiccnjuges
1409 1859 1628 1899 vocibus
1655 1858 2029 1911 requirebant,
2067 1861 2211 1900 voci·

138 1931 229 1971 bus
256 1928 627 1979 n'oscitabant3
666 1934 720 1974 hi
747 1928 892 1975 suum
920 1949 1114 1986 casum,
1144 1942 1196 1974 et
1221 1933 1309 1973 illi
1335 1946 1543 1973 suorum
1579 1931 1999 1979 miserabantur3
2037 1941 2208 1984 erant,

139 2005 226 2056 qui
277 2013 415 2044 metu
464 2007 651 2046 mortis
698 1990 912 2055 montem
958 2016 1318 2060 precasentur.
1395 2005 1556 2046 Multi
1602 2006 1664 2044 ad
1716 1989 1841 2045 deos
1883 2019 2057 2044 manus
2106 2005 2211 2044 tol·

137 2076 283 2127 lere,
326 2076 539 2130 plures,
581 2092 829 2132 nusquam
859 2082 962 2132 jam
999 2082 1123 2121 deos
1158 2079 1326 2130 ullos,
1368 2086 1742 2130 aeternamque
1779 2077 1928 2118 illam
1953 2086 2007 2118 et
2035 2080 2210 2118 novis-

136 2148 315 2189 simam
353 2158 558 2190 noctem
603 2153 786 2192 mundo
832 2152 1337 2209 interpretabantur.
1420 2149 1527 2189 Nec
1574 2149 1890 2201 defuerunt,
1936 2152 2021 2201 qni
2058 2152 2209 2189 fictis

136 2224 483 2274 mentitisque
522 2225 823 2266 terroribus
861 2240 985 2267 vera
1010 2225 1247 2278 pericula
1273 2231 1543 2277 augerent.
1593 2223 1854 2275 Aderant,
1895 2225 1982 2277 qui
2009 2223 2206 2264 Miseni

135 2295 337 2347 fuisse,
379 2295 514 2337 illud
542 2299 742 2351 ruisse,
776 2298 911 2340 illud
938 2301 1148 2352 ardere,
1186 2298 1346 2350 falso,
1384 2298 1474 2339 sed
1501 2296 1846 2338 credentibus
1875 2284 2208 2338 nuntiabant.

134 2366 370 2409 Paullum
404 2369 647 2419 reluxit}
686 2373 820 2427 quod
857 2385 958 2413 non
993 2373 1103 2414 dies
1136 2371 1317 2423 nobis,
1368 2371 1458 2411 sed
1495 2372 1847 2411 adventantis
1880 2373 2027 2425 ignis
2063 2356 2206 2412 iudi-¹

134 2442 265 2482 cium
301 2442 608 2491 videbatur3
646 2453 698 2485 et
723 2447 866 2499 ignis
902 2447 1106 2501 quidem
1142 2445 1352 2499 longius
1390 2445 1669 2492 subsistit;
1709 2444 1961 2485 tenebrae
1998 2460 2201 2498 rursus,

134 2515 272 2556 einis
321 2528 500 2557 rursus
541 2517 733 2559 multus
783 2526 834 2558 et
876 2521 1087 2573 gravis3
1139 2518 1271 2560 hunc
1304 2519 1596 2559 identidem
1644 2519 1997 2572 adsurgentes
2041 2531 2207 2560 excu-

134 2587 428 2635 tiebamus3
482 2592 658 2641 operti
700 2590 930 2645 alioqui,
984 2599 1137 2645 atque
1180 2595 1334 2633 etiam
1376 2592 1538 2632 oblisi
1586 2594 1818 2644 pondere
1867 2606 2116 2633 essemus.
2152 2617 2202 2625 —

133 2658 361 2716 Tandem
397 2660 498 2700 illa
526 2661 709 2715 calig6
736 2671 958 2703 tenuata
983 2667 1131 2716 quasi
1156 2666 1209 2706 in
1235 2667 1422 2706 fumum
1449 2665 1757 2705 nebulamve
1796 2666 2051 2712 decessit3
2098 2679 2204 2707 mox

132 2730 250 2774 dies
284 2746 470 2789 verua,
516 2734 597 2777 sol
633 2737 793 2778 etiam
830 2723 1072 2792 effulsit,
1107 2736 1304 2781 luridus
1341 2747 1537 2791 tamen,
1580 2736 1757 2792 qualis
1795 2752 1936 2791 esse,
1975 2750 2082 2779 cum
2116 2740 2202 2780 de·

1662 2814 1692 2852 4
