2470 3202
1080 158 1446 200 —9-...-

319 278 495 330 „Dehinc
522 276 644 319 Titus
681 279 1010 318 administrandae
1049 277 1284 330 reipublicae
1320 280 1522 329 particeps
1558 278 1657 327 fuit,
1706 288 1906 316 unacum
1932 282 2048 328 patre
2077 276 2292 317 tribunicia
2323 316 2328 321 ,

194 360 406 405 potestate
435 353 476 392 et
504 351 675 392 censura
703 351 915 393 defunctus
952 360 1023 391 est
1042 360 1083 390 et
1111 352 1263 402 septies
1291 352 1541 391 consulatum
1576 353 1724 404 gessit,
1741 364 1887 402 nempe
1917 355 1997 392 823
2024 359 2067 389 et
2094 355 2187 405 825,
2206 360 2290 392 tum

190 425 244 465 ab
280 422 391 465 anno*
426 429 506 465 827
529 428 686 486 —.83⁰
714 432 755 462 et
781 427 994 475 septimum
1022 428 1118 465 832.
1168 424 1275 474 vid.
1301 425 1474 463 Plinium
1511 427 1553 463 in
1581 426 1735 475 praefat.
1769 423 1862 462 bist.
1891 433 2020 463 natur.
2047 427 2098 463 ad
2127 425 2287 465 Titum:

191 499 558 551 Triumphalis
598 508 647 538 et
685 500 979 539 Censorius
1017 508 1069 537 tu
1087 529 1098 549 ‚
1144 501 1328 538 sexies
1345 514 1440 550 que
1493 499 1679 539 consul
1733 514 1786 538 ac
1831 498 2158 538 tribunicia-e
2195 513 2283 550 po-

190 575 408 614 testatis
443 573 729 628 particeps.
782 571 957 612 Nomine
987 561 1111 630 patris
1131 571 1326 624 epistolas
1354 574 1540 622 dictavit,
1571 572 1703 611 edicta
1732 572 1973 623 conscripsit
2002 579 2043 610 et
2072 574 2283 612 orationes

187 648 233 687 in
260 654 404 686 senatu
432 648 620 686 recitavit
648 648 858 698 quaestoris
885 648 976 684 vice
1006 647 1084 684 vid.
1114 646 1225 684 Suet.
1252 646 1335 685 Tit.
1362 660 1393 684 c.
1422 648 1459 684 6.
1480 645 1644 696 Xiphili
1673 649 1741 694 66,
1777 649 1841 694 10,
1873 646 1952 682 fuit
1981 658 2126 695 nempe
2152 648 2279 696 impe-

188 727 367 761 ratorum
397 727 578 769 tempore
599 719 779 757 officium
798 727 1053 769 quaestorum,
1076 720 1208 766 aerarii
1237 733 1332 758 cura
1351 721 1510 769 amissa,
1539 720 1712 758 recitare
1731 720 1926 770 principis
1946 717 2037 758 loco
2057 720 2279 758 orationes.

189 792 273 834 vid.
299 791 412 833 Suet.
438 791 545 845 Aug.
574 794 639 833 65.
691 789 803 831 Nero
837 794 899 833 15.
927 790 1059 831 Tacit.
1087 804 1180 830 ann.
1210 793 1283 842 16,
1322 794 1387 831 27.

319 865 439 904 Patre
468 871 665 917 regnante
695 863 814 902 Titus
843 877 1005 916 quoque
1044 865 1322 915 praefecturam
1349 865 1577 913 praetoriam
1605 854 1861 912 susceperat,
1909 875 1988 915 quo
2026 865 2068 901 in
2108 875 2274 902 munere

126 938 132 940 ’
187 953 288 979 vero
317 938 528 989 aliquanto
568 941 653 989 egit
689 941 873 988 asperius
902 946 944 976 et
972 940 1131 988 durius,
1174 950 1268 977 nam
1297 936 1599 989 quemque->sibi
1627 945 1855 988 suspectum
1885 951 1907 976 e
1936 938 2069 977 medio
2098 937 2274 979 sustulit.

115 1050 130 1069 ‚V
185 1011 235 1055 cf.
262 1011 360 1054 Aur.
386 1012 618 1065 Victsepit.
646 1011 694 1052 de
726 1010 827 1052 Caes.
854 1025 887 1052 c.
919 1015 983 1053 10.
1043 1010 1273 1063 Namque
1319 1010 1703 1062 praefecturam
1743 1011 2149 1063 praetorianam
2186 1022 2273 1062 pa-

185 1093 263 1127 tre
300 1088 502 1139 impera
520 1093 607 1125 nte
654 1087 900 1136 adeptus,
949 1081 1246 1137 suspectum
1283 1096 1531 1136 quemque
1569 1091 1623 1121 et
1661 1086 1960 1134 oppositum
1997 1084 2134 1133 sibi,
2180 1086 2271 1123 im-

184 1161 389 1205 missis,
445 1161 531 1211 qui
575 1142 664 1209 per
708 1160 920 1197 theatra
967 1166 1016 1196 et
1066 1160 1263 1198 castris
1310 1159 1581 1196 invidiosa
1624 1159 1900 1208 jactantes
1943 1159 2001 1197 ad
2049 1171 2269 1209 poenam

182 1240 497 1286 poscerent,
535 1232 683 1284 quasi
711 1232 951 1271 criminis
979 1233 1253 1271 convictos
1281 1231 1563 1282 oppressit.
1617 1229 1729 1269 Suet.
1747 1229 1831 1269 Tit.
1849 1245 1882 1270 c.
1909 1234 1950 1272 6.
2004 1230 2267 1282 Siquidem

182 1306 643 1357 suspectissimum
679 1316 928 1356 quemque
965 1303 1092 1354 sibi,
1133 1303 1425 1343 summissis
1446 1332 1458 1353 ,
1505 1303 1590 1354 qui
1627 1314 1718 1353 per
1755 1302 1804 1341 th
1821 1310 1966 1342 eatra
2003 1311 2055 1341 et
2090 1310 2267 1341 castra

182 1380 336 1431 quasi
371 1390 638 1416 consensu
674 1379 743 1416 adr
773 1390 992 1427 poenam
1029 1378 1376 1427 deposcerent
1393 1406 1405 1425 ,
1452 1373 1587 1414 hs‘ud
1623 1384 1943 1415 cunctanter
1982 1380 2266 1427 oppressit.

180 1449 294 1493 Inter
313 1454 445 1501 viros,
478 1452 545 1503 qui
565 1450 636 1490 tali
664 1452 783 1490 modo
806 1450 904 1490 Tito
918 1450 1090 1502 jubente
1118 1452 1252 1489 necati
1279 1458 1392 1501 sunt,
1422 1463 1582 1503 quoque
1602 1449 1652 1490 A.
1671 1448 1832 1490 Caecina
1855 1452 2110 1502 nominatur,
2139 1452 2262 1502 idem,

151 1520 156 1522 ’
180 1509 249 1578 qui
276 1524 440 1567 Vitellii
469 1526 550 1565 dux
584 1526 634 1564 ad
661 1525 912 1575 Vespasiani
949 1525 1173 1564 exercitum
1211 1523 1435 1574 defecerat,
1482 1535 1604 1576 quum
1632 1522 1848 1562 Mucianus
1876 1523 2014 1563 Romae
2042 1528 2261 1577 appropin-

181 1605 337 1651 quaret.
390 1599 529 1638 Variae
555 1597 677 1648 hujus
706 1599 817 1636 necis
838 1611 967 1641 causae
989 1597 1038 1635 ab
1058 1597 1526 1646 historicistraduntur,
1552 1597 1773 1636 Suetonius
1801 1610 1966 1648 nempe,
1996 1601 2061 1637 cui
2089 1601 2261 1637 assentit

177 1670 420 1722 Xiphilinus
448 1675 525 1720 66,
567 1673 619 1710 16
646 1670 762 1709 illum
790 1672 1113 1721 conjurationem
1139 1672 1247 1711 inter
1274 1672 1422 1711 milites
1447 1684 1615 1721 parasse
1644 1679 1796 1721 narrat,
1826 1673 1919 1711 dum
1938 1673 2083 1713 Victor
2111 1673 2161 1712 ab
2182 1671 2260 1714 hac

177 1746 381 1784 sententia
409 1744 620 1782 discedens
658 1744 773 1801 dicit:
825 1737 1027 1781 Caecinam
1055 1741 1311 1782 interfectum
1338 1744 1462 1782 fuisse
1491 1743 1542 1781 ob
1571 1745 1842 1793 suspicionem
1869 1751 2059 1795 stupratae
2087 1745 2258 1784 Bereni-

177 1831 257 1858 ces.
319 1819 401 1856 vid.
428 1818 541 1855 Suet.
579 1816 663 1855 Tit.
700 1806 742 1856 6.
813 1816 869 1855 In
905 1816 986 1855 his
1021 1816 1073 1855 A.
1100 1816 1378 1857 Caecinam
1414 1817 1740 1856 consularem
1777 1819 1969 1868 virum,
2016 1829 2255 1859 vocatum

175 1890 237 1930 ad
274 1901 488 1929 coenam
505 1918 518 1939 ‚
576 1902 635 1926 ac
688 1890 904 1927 vixdum
952 1888 1199 1927 triclinio
1253 1902 1519 1941 egressum
1536 1918 1548 1938 ,
1611 1890 1831 1930 confodi
1872 1891 2046 1940 jussit
2065 1906 2075 1936 3
2129 1906 2253 1930 sane

173 1967 391 2016 urgente
441 1962 750 2000 discrimine
770 1992 782 2012 ,
861 1953 1012 2013 quuin
1061 1963 1219 2002 etiam
1273 1961 1683 2013 chirographum
1731 1965 1847 2014 ejus
1902 1974 2252 2015 praeparatae

175 2036 310 2086 apud
346 2033 553 2090 milites
590 2036 869 2072 concionis
917 2035 1373 2084 deprehendisset.
1426 2036 1534 2073 Vict.
1563 2037 1659 2083 epit.
1686 2049 1719 2073 c.
1751 2040 1814 2074 10.
1877 2036 1934 2074 In
1971 2039 2085 2087 quis
2124 2038 2251 2076 Cae-

174 2110 342 2149 cinam
395 2105 722 2147 consularem
767 2105 1063 2163 adhibitum
1116 2121 1310 2148 coenae
1329 2139 1341 2158 ,
1396 2108 1604 2147 vixdum
1657 2106 1908 2149 triclinio
1954 2123 2247 2163 egressum,

174 2179 236 2222 ob
274 2180 635 2233 suspicionem
674 2186 948 2230 stupratae
985 2177 1274 2220 Berenices
1311 2181 1494 2219 uxoris
1530 2187 1652 2219 suae
1686 2180 1937 2234 jugulari
1971 2184 2154 2234 jussit.

303 2254 480 2294 Veteres
507 2254 668 2304 quidem
696 2252 803 2291 hunc
835 2254 997 2293 modum
1025 2255 1173 2304 agendi
1200 2254 1298 2293 Tito
1326 2266 1569 2304 magnopere
1598 2256 1758 2293 crimini
1786 2263 1973 2306 vertunt,
2004 2258 2074 2296 sed
2097 2266 2245 2307 tamen,

172 2323 270 2366 licet
304 2337 396 2364 eum
433 2326 543 2364 omni
578 2323 830 2377 crudelitatis
867 2324 986 2376 culpa
1022 2324 1235 2366 absolvere
1264 2339 1344 2367 non
1371 2326 1611 2376 audeamus,
1656 2325 1732 2367 hac
1762 2327 1810 2366 de
1840 2341 1961 2367 causa
1989 2331 2247 2370 excusandus

170 2399 351 2449 videtur,
381 2411 502 2450 quum
529 2405 621 2450 post
647 2397 770 2438 civile
799 2399 905 2438 inter
929 2397 1146 2439 Vitellium
1173 2407 1216 2438 et
1233 2399 1532 2450 Vespasianum
1559 2407 1719 2451 gestum
1748 2399 1913 2451 bellum,
1942 2400 2071 2452 multi,
2101 2402 2245 2456 quibus

169 2473 427 2524 imperatoris
463 2473 562 2511 novi
596 2473 797 2511 severitas
832 2470 1087 2523 displiceret,
1130 2473 1278 2525 quique
1304 2471 1575 2513 vitellianum
1610 2471 1871 2512 libidinosum
1898 2474 2110 2525 imperium
2138 2477 2244 2515 desi-

171 2547 383 2597 derarent,
411 2547 596 2586 assiduas
613 2548 658 2585 in
676 2546 978 2597 Vespasianum
995 2554 1209 2586 moverent
1235 2548 1467 2586 seditiones.
1511 2547 1593 2586 vid.
1613 2546 1723 2586 suet.
1741 2548 1869 2598 Vesp.
1889 2562 1921 2587 c.
1940 2532 2006 2589 25.
2060 2548 2154 2589 Non
2178 2565 2244 2590 so-

167 2608 372 2660 lum‘vero
399 2619 597 2659 saevitiam
614 2616 777 2659 illorum
796 2626 1021 2671 temporum
1047 2617 1231 2660 historici
1250 2618 1346 2660 Tito
1374 2617 1589 2671 objiciunt,
1618 2620 1690 2659 sed
1710 2621 1832 2660 etiam
1853 2620 2071 2673 luxuriam,
2101 2624 2242 2670 immo-

169 2691 301 2732 dicam
326 2691 538 2732 libidinem
566 2700 608 2731 et
633 2694 909 2745 rapacitatem.
962 2692 1066 2732 Cum
1101 2695 1242 2732 amicis
1277 2695 1443 2732 famosis
1480 2696 1830 2733 commissationes
1865 2697 1915 2734 ad
1942 2698 2116 2735 mediam
2146 2711 2240 2736 noc-

169 2773 249 2805 tem
276 2767 483 2816 extendit,
520 2774 563 2805 et
588 2768 790 2817 praecipue
818 2766 1012 2807 Romanis
1038 2767 1195 2807 invisus
1222 2776 1309 2807 erat
1334 2767 1387 2806 ob
1415 2781 1593 2806 amorem
1621 2767 1864 2819 Berenices,
1895 2772 1974 2808 -cui
2003 2775 2185 2822 quamvis
2214 2787 2235 2810 e

1695 2846 1721 2883 2
