2470 3202
1002 194 1408 235 —10—

160 311 302 353 Judaea
339 318 445 350 natae
482 312 645 361 nuptias
681 311 892 361 pollicitus
933 312 1161 358 ferebatu‘r3
1215 312 1476 351 exoletorum
1514 318 1557 349 et
1584 312 1807 362 spadonum
1840 324 1998 364 ‘greges
2039 323 2131 351 eum
2171 312 2247 351 cir·

163 385 477 434 eumdetlerunt,
526 392 568 422 et
595 384 896 436 cognitionibus
924 388 1053 435 patris
1091 386 1305 424 nundinari
1335 393 1377 423 et
1404 387 1603 435 praemiari
1633 385 1777 424 solitus
1806 394 1880 424 est.
1933 386 2130 424 Berenice
2158 385 2246 435 illa,

163 459 281 508 cujus
303 459 390 508 jam
418 456 572 507 pluries
599 458 846 495 mentionem
874 456 1061 507 secinms,
1089 469 1205 496 soror
1232 457 1308 496 fuit
1333 458 1443 509 regis
1470 456 1678 510 Agrippae,
1708 460 1776 511 qui
1803 472 1892 498 cum
1921 455 2043 507 Tito,
2081 457 2247 498 Nerone

162 538 348 581 mortuo,
379 530 548 569 Romam
574 530 781 580 profectus
808 538 892 580 est,
940 529 1253 581 pulcherrimam
1290 524 1490 583 vir‘ginenu
1519 525 1641 571 Titus
1677 531 1942 571 vehementer
1969 533 2144 582 amavit,
2190 534 2249 571 ita

163 613 209 644 ut
237 614 397 654 essent,
436 606 505 655 qui
541 604 775 650 credereut;
811 617 856 643 se
885 617 1103 643 accensum
1142 605 1343 644 desiderio
1371 600 1594 644 Berenices
1630 607 1782 657 reginae
1818 605 1916 658 illud
1945 607 2024 644 iter
2050 607 2248 652 vertisse3

164 660 246 717 ulna
274 690 364 718 cum
392 677 490 716 Tito
527 679 569 715 in
598 677 753 727 palatio
790 677 1016 727 habitavit,
1063 686 1105 716 et
1133 679 1272 716 uxoris
1308 686 1447 727 partes
1484 678 1633 730 ubique
1671 680 1767 730 egit.
1803 677 2036 730 vid-›Xiph.
2064 680 2158 728 663·
2186 681 2251 719 15.

165 749 359 802 Tacitus,
408 752 476 804 qui
514 751 655 791 histor.
684 756 725 801 2,
755 755 786 793 2
810 752 859 791 de
888 751 965 791 hac
993 766 1038 791 re
1066 751 1267 803 loquitur,
1309 750 1398 790 Titi
1420 752 1650 802 juvenilem
1677 754 1853 790 animum
1882 766 1906 790 a
1935 752 2131 791 Berenice
2161 755 2250 803 qui-

166 825 257 862 dem
287 837 368 861 non
397 822 661 872 abboruisse,
690 824 809 872 dicit,
839 824 911 861 sed
939 822 1054 861 illum
1083 834 1260 861 amorem
1287 811 1480 874 gerendis
1509 823 1629 863 rebus
1658 836 1739 863 non
1767 825 1893 864 fuisse
1922 824 2253 877 impedimentum

166 898 292 956 addit.
362 898 564 947 Fuere,
629 898 719 948 qui
765 910 1051 936 accensum
1108 898 1380 937 desiderio
1418 896 1714 936 Berenices
1761 900 1981 949 reginae
2019 900 2252 942 vertisse

166 971 273 1010 iter
300 970 600 1009 crederent.
653 967 833 1020 Neque
870 968 1200 1010 abhorrebat
1227 967 1499 1019 juvenilis
1538 970 1741 1008 animus
1779 983 1803 1007 a
1832 969 2117 1019 Berenice,
2163 970 2254 1021 sed

167 1042 423 1095 gerendis
459 1040 621 1080 rebus
658 1040 859 1080 nullum
896 1052 963 1080 ex
1003 1054 1064 1081 eo
1102 1041 1565 1093 impedimentum,
1610 1040 1803 1081 laetam
1841 1042 2255 1083 adolescentiam

167 1117 303 1168 egit,
340 1128 434 1154 suo
462 1116 816 1164 quam-patris
842 1116 1072 1164 imperio
1100 1116 1404 1153 modestior.
1458 1115 1577 1154 Titus
1597 1117 1759 1169 quidem
1785 1119 1966 1167 saevitia,
1996 1129 2115 1168 quam
2137 1129 2256 1157 exer-

166 1189 253 1227 cuit
278 1190 322 1227 in
350 1188 612 1227 adversarios
639 1194 682 1225 et
707 1187 816 1226 caede
843 1199 984 1226 eorum
1013 1188 1055 1225 in
1083 1195 1289 1238 posterum
1316 1189 1525 1226 securitati
1553 1199 1636 1226 suae
1664 1190 1796 1238 cavit,
1833 1190 1903 1227 sed
1928 1189 2051 1227 simul
2080 1189 2257 1229 his-om-

167 1261 289 1301 nibus
315 1262 454 1311 vitiis,
483 1260 757 1300 Romanorum
773 1247 920 1300 ‘odium
948 1269 990 1299 et
1015 1263 1211 1300 invidiam
1231 1262 1290 1299 ita
1317 1262 1550 1311 contraxit,
1579 1269 1624 1299 ut
1651 1273 1743 1299 eum
1770 1260 1893 1299 alium
1915 1260 2120 1301 Neronem
2158 1274 2259 1313 pra-.-

169 1336 354 1374 dicarent
381 1336 552 1385 ejusque
588 1334 802 1384 imperium
839 1334 1124 1384 maximopere⁴
1145 1341 1399 1385 respuerent.
1441 1334 1555 1373 Suet.
1582 1332 1667 1372 Tit.
1699 1338 1735 1374 7.
1787 1333 2033 1385 Denique
2069 1346 2195 1386 prop
2208 1348 2258 1374 a·

169 1405 469 1447 lam‘alium
508 1405 771 1447 Neronem
811 1414 861 1445 et
906 1405 1262 1457 opinabantur
1306 1416 1357 1448 et
1400 1407 1797 1459 praedicabant.
1859 1407 2000 1447 Aurel.
2028 1409 2136 1449 Vict.
2164 1411 2260 1460 epit.

174 1495 208 1522 ο.
240 1486 308 1523 10.
370 1480 687 1533 Ramnetum
724 1482 1000 1531 cupidum,
1053 1482 1187 1521 unde
1221 1481 1480 1522 Neronem
1517 1483 1697 1521 cuncti
1743 1483 2033 1532 opinantes
2070 1494 2261 1521 vocan-

171 1563 360 1606 touque
394 1567 635 1594 summam
673 1566 846 1593 rerum
883 1562 1087 1594 nactum
1125 1556 1364 1607 graviter
1402 1558 1736 1606 acceperant.

304 1627 397 1668 Hoc
424 1641 560 1667 rerum
588 1634 697 1666 statu
724 1628 833 1667 inter
859 1640 972 1678 spem
1007 1636 1238 1681 metumque
1267 1627 1439 1666 Romani
1468 1629 1558 1677 ejus
1586 1628 1825 1677 imperium,
1874 1626 1979 1678 quod
2006 1638 2114 1665 anno
2145 1629 2197 1667 79
2225 1639 2263 1678 p.

175 1701 253 1743 Ch.
280 1703 397 1750 iniit,
446 1707 767 1750 exspectarunt,
806 1702 877 1739 sed
906 1702 1056 1740 civium
1085 1691 1452 1751 exspectationem.
1471 1700 1654 1738 suaviter
1679 1698 1839 1737 fefellit.
1918 1698 2096 1738 simulac
2124 1700 2263 1750 patriae

174 1788 312 1815 curam
338 1774 540 1825 suscepit,
569 1774 748 1823 priorem
776 1773 902 1812 vitam
930 1774 988 1812 ita
1016 1774 1210 1823 mutavit,
1246 1780 1290 1811 ut
1316 1773 1494 1811 maximo
1517 1773 1613 1823 jure
1641 1770 1798 1810 deliciae
1826 1778 1946 1822 atque
1968 1783 2082 1811 amor
2100 1770 2266 1810 humani

174 1850 342 1903 generis
369 1845 660 1898 appellaretur.
711 1845 803 1886 Jam
832 1854 955 1885 antea
983 1860 1064 1886 non
1092 1859 1185 1886 raro
1212 1846 1439 1886 elementiae
1475 1854 1517 1884 et
1552 1847 1708 1897 egregii
1736 1847 1862 1884 animi
1889 1847 2111 1895 specimina
2139 1847 2264 1896 dedit,

177 1923 250 1961 sed
277 1932 360 1972 prae
388 1919 580 1958 omnibus
609 1920 700 1970 ejus
728 1920 859 1971 pietas
886 1921 928 1958 in
967 1918 1134 1959 fratrem
1164 1920 1465 1968 Domitianum,
1510 1918 1580 1969 qui
1602 1920 1688 1969 jam
1711 1920 1879 1969 juvenis
1909 1919 2105 1970 pessimos
2133 1931 2267 1959 mores

180 2003 223 2034 et
242 2004 399 2045 turpem
415 1992 595 2032 indolem
624 2004 706 2042 prae
724 2005 769 2030 se
789 1992 903 2042 tulit,
934 1993 1285 2031 commemoranda
1305 2001 1388 2041 est,
1419 1993 1500 2031 vid.
1517 1992 1650 2031 Tacit.
1677 1992 1819 2031 histor.
1845 1995 1888 2041 4,
1919 1996 1987 2041 51,
2018 1996 2084 2033 522.
2137 1993 2269 2033 Ves-

179 2069 433 2119 pasianus
469 2067 520 2104 in
559 2063 775 2105 ltaliam
812 2078 1005 2118 resque
1048 2064 1196 2103 urbis
1231 2066 1505 2115 intentus,
1550 2065 1829 2103 adversam
1866 2065 1923 2103 de
1959 2064 2267 2104 Domitiano

180 2141 365 2180 famam
392 2139 626 2189 accipit,
675 2123 1214 2189 tanquam—terminos
1243 2138 1440 2177 aetatis
1471 2144 1520 2176 et
1546 2148 1804 2177 concessa
1835 2134 1956 2175 silio
1986 2138 2270 2190 egredere-

182 2201 277 2254 tur.
356 2213 532 2253 Titum
568 2233 620 2242 -
647 2234 700 2242 —
736 2211 900 2250 multo
946 2213 1078 2262 apud
1118 2220 1315 2261 patrem
1353 2223 1597 2250 sermone
1634 2223 1821 2249 orasse
1860 2210 2166 2261 dicebatur,
2210 2221 2270 2250 ne

183 2285 582 2327 criminantium
619 2271 829 2324 nuntiis
864 2291 1063 2323 temere
1104 2284 1518 2332 accenderetur,
1561 2283 1937 2334 integrumque
1975 2296 2029 2322 se
2065 2297 2122 2323 ac
2157 2284 2272 2334 pla·

183 2359 406 2400 cabilem
444 2357 569 2398 filio
605 2365 920 2408 praestaret.
991 2357 1102 2398 Non
1137 2356 1409 2409 legiones,
1448 2367 1553 2396 non
1587 2354 1822 2405 classes,
1869 2357 2086 2408 perinde
2121 2356 2274 2397 firma

185 2434 397 2485 imperii
447 2433 795 2480 munimenta,
855 2444 1000 2481 quam
1049 2444 1311 2483 numerum
1357 2429 1661 2468 liberorum.
1741 2427 1866 2466 Nam
1914 2431 2112 2469 amicos
2149 2437 2275 2468 tem·

185 2522 343 2562 pore,
382 2506 623 2556 fortuna,
659 2505 1001 2557 cupidinibus
1031 2504 1343 2564 aliquando,
1372 2511 1459 2542 aut
1498 2500 2059 2552 erroribusimminuvi,
2101 2493 2275 2542 t'rans·

186 2582 345 2631 ferri,
393 2580 667 2620 desinere:
712 2591 853 2617 suum
896 2580 1086 2630 cuique
1128 2578 1439 2629 sanguinem
1484 2575 1867 2624 indiscretum,
1923 2575 2013 2615 sed
2060 2576 2275 2627 maxime

188 2652 559 2707 principibus,
632 2663 849 2703 quorum
884 2653 1156 2702 prosperis
1210 2658 1259 2689 et
1308 2648 1406 2687 alii
1451 2648 1720 2696 fruantur,
1769 2645 1994 2709 advers-a
2033 2649 2277 2699 ad-J'unc·

190 2729 433 2770 tin-imon
469 2726 814 2776 pertineant,
861 2738 918 2763 ne
958 2724 1217 2765 fratribus
1255 2724 1461 2775 quidem
1488 2732 1784 2761 mansuram
1820 2722 2182 2772 concordiam,
2225 2724 2279 2762 ni

189 2813 381 2855 parens
419 2796 712 2849 exemplum
747 2796 1098 2849 praebuisset.
1153 2796 1547 2847 Vespasianus,
1584 2793 1925 2846 haudaeque
1967 2792 2277 2835 Domitiano
