2470 3202
1218 127 1422 170 5—-

194 258 255 289 tre
273 260 498 300 cognomen
526 260 736 287 commuue
763 246 918 299 habuit,
952 256 994 286 et
1020 248 1147 288 Titus.
1166 248 1334 288 Flavius
1353 250 1634 299 Vespasianus
1661 256 1724 289 est
1751 250 1895 298 dictus,
1925 247 2055 287 frater
2077 253 2212 285 autem
2240 258 2265 286 a

147 319 152 323 ’
192 329 325 363 matre·
350 320 585 372 Domitilla‚
633 320 904 362 Domitianus.
984 320 1077 362 Una
1113 334 1201 362 cum
1229 320 1463 362 Britannico
1502 322 1589 363 filio
1627 322 1883 374 imperatoris
1911 319 2070 360 Claudii
2098 320 2143 358 in
2169 317 2263 358 aula

192 396 407 445 educatus,
446 396 586 433 eadem
616 385 830 445 disciplina
856 403 897 432 et
923 395 1069 433 iisdem
1096 396 1300 445 magistris
1326 409 1419 433 usus
1449 405 1521 434 est.
1574 397 1771 434 Suetonio
1808 402 1998 433 narrante
2026 394 2263 432 Britannico

189 471 267 509 fuit
293 469 716 519 familiarissimuaeita
744 477 811 518 ut,
852 482 939 508 cum
968 468 1228 508 Britannicus
1252 477 1414 508 auctore
1442 454 1607 508 Nerone
1635 472 1742 508 inter
1770 482 1924 526 coenam
1953 480 2112 506 veneno
2140 468 2265 507 inter·

190 543 381 596 ficeretur
408 540 477 593 (cf.
496 541 627 583 Tacit.
655 556 748 581 ann.
780 545 853 593 13,
898 543 968 590 16)
1021 541 1144 581 Titus
1172 542 1222 581 de
1251 542 1393 581 eadem
1408 544 1572 594 potione
1600 550 1786 595 gustasse
1815 542 2048 581 crederetur
2077 547 2117 578 et
2144 540 2263 592 gravi

132 662 136 664 ἢ
190 615 407 656 afflictatus
442 624 550 655 esset
586 615 739 655 morbo.
790 616 881 655 Jam
908 617 949 654 in
985 628 1113 667 puero
1141 615 1487 666 exsplenduerunt
1515 619 1696 667 corporis
1724 625 1764 654 et
1792 618 1916 654 animi
1946 617 2085 664 dotes,
2134 616 2262 652 forma

191 690 378 742 egregia,
404 691 648 740 praecipuum
677 688 821 738 robur,
851 691 1045 727 memoria
1074 688 1291 741 singularis
1311 697 1351 725 et
1379 690 1562 728 docilitas
1590 691 1643 727 ad
1662 702 1801 727 omnes
1829 690 1914 727 fere
1944 697 2031 725 tum
2055 687 2261 738 bell‘btum

189 767 303 817 pacis
330 772 451 804 artes.
502 752 778 804 peritissimus
804 764 881 804 fuit
907 766 1115 817 utriusque
1142 764 1306 818 generis
1334 763 1483 803 militi-:e
1512 772 1553 803 et
1580 764 1780 816 pedestris
1809 771 1849 802 et
1877 761 2092 816 equestris,
2122 771 2261 815 grae’cae

186 836 405 890 latinaeque
433 836 583 890 linguae
609 838 686 876 fuit
715 839 864 889 optime
891 845 1041 890 gnarus
1070 851 1145 877 nec
1172 838 1344 875 musices
1370 839 1490 875 rudis.
1517 837 1566 875 ef.
1585 838 1696 876 Suet.
1717 836 1800 874 Tit.
1828 840 1867 875 3.
1920 838 2107 875 Latine
2135 846 2261 887 grae·

190 917 355 962 oeque
390 911 478 949 vel
514 913 567 949 in
604 914 824 961 orando,
868 912 958 950 -vel
999 914 1052 951 in
1089 912 1360 963 fingendis
1396 910 1726 960 poematibus
1761 918 1992 960 promtus
2041 917 2090 948 et
2125 909 2260 948 taci-

187 984 290 1036 lis,
332 985 392 1025 ad
432 984 965 1035 extemporalitatem
1003 999 1197 1037 usque3
1248 984 1333 1023 sed
1370 997 1426 1022 ne
1463 984 1694 1022 musicae
1740 983 1946 1036 quidem
1982 982 2159 1032 rudi-s,
2208 989 2261 1020 nt

189 1060 278 1110 qui
314 1065 559 1098 cantaret
596 1066 646 1097 et
682 1057 949 1109 psalleret
980 1060 1215 1109 jucunde
1253 1058 1606 1109 scienterque.
1659 1056 1790 1095 Tacit.
1817 1057 1915 1095 hist.
1938 1061 1979 1106 2,
2014 1061 2047 1096 1.
2084 1057 2258 1109 Auge-

186 1132 277 1172 bat
312 1133 494 1171 famam
541 1133 717 1182 ipsius
757 1131 869 1170 Titi
922 1133 1224 1183 ingenium,
1290 1122 1732 1184 quantaecunque
1772 1131 2025 1168 fortunae
2069 1143 2257 1180 capax,

188 1208 346 1247 decor
389 1207 499 1245 oris
542 1218 650 1244 cum
695 1206 914 1257 quadam
962 1207 1263 1256 majestate.
1339 1205 1505 1255 Eutrop.
1536 1208 1574 1255 7,
1603 1208 1671 1245 21.
1726 1203 1890 1255 Titus*
1918 1205 1998 1243 vir
2035 1206 2258 1243 omnium

185 1280 665 1331 virtutum'genere
695 1277 1059 1329 miral›ilis-—,
1088 1276 1524 1328 facundissimus,
1559 1276 2044 1328 bellicosissimus,
2084 1278 2258 1316 mode·

178 1354 513 1398 ‘ratissimum
561 1366 747 1391 causas
785 1351 958 1390 latine
998 1352 1143 1403 egit,
1182 1358 1424 1401 poemata
1462 1360 1512 1390 et
1549 1353 1864 1403 tragoedias
1899 1365 2087 1403 graece
2125 1364 2257 1391 com·

185 1426 377 1478 posuit.
456 1425 596 1465 Aurel.
623 1425 769 1465 Victor
808 1426 905 1476 epit.
943 1425 991 1463 de
1029 1423 1193 1464 Caesar.
1232 1428 1298 1466 10.
1359 1424 1508 1464 Titus
1547 1439 1569 1463 a
1607 1438 1766 1476 puero
1810 1424 2111 1476 praeclaris
2148 1433 2256 1464 stu-

187 1501 311 1550 diis,
339 1497 656 1551 probitatis,
695 1498 955 1549 militiae,
993 1497 1270 1538 literarum
1308 1501 1702 1538 instantissime
1732 1500 1971 1550 deditus,
2011 1512 2108 1552 quo
2138 1514 2254 1540 eon—

187 1574 457 1622 tenderit,
503 1574 665 1610 animi
703 1580 753 1610 et
790 1573 1033 1623 eorporis
1069 1573 1370 1611 muneribus
1407 1574 1662 1611 ostendit.

317 1647 491 1688 Talibus
525 1648 651 1686 animi
693 1654 734 1686 et
761 1648 943 1698 corporis
984 1647 1206 1708 virtutibus·
1244 1650 1460 1688 instructus
1497 1661 1551 1702 ex
1595 1660 1706 1688 more
1736 1647 2006 1688 Romanorum
2050 1648 2254 1700 stipendia

163 1721 350 1773 meruit,
377 1727 418 1760 et
444 1719 626 1761 tribunus
662 1718 838 1759 militum
876 1721 917 1759 in
948 1719 1166 1760 Germania
1195 1729 1235 1760 et
1262 1720 1471 1762 Britannia
1499 1722 1702 1761 militavit.
1756 1723 1804 1762 In
1832 1730 2001 1773 utraque
2032 1730 2141 1760 terra
2168 1736 2251 1761 rem

183 1791 400 1833 militarem
427 1796 603 1833 maxima
631 1796 827 1833 industria
855 1796 1153 1834 administravit
1180 1804 1221 1834 et
1248 1798 1508 1846 cupiditatum
1537 1798 1729 1847 turpium,
1760 1795 1912 1846 quibus
1934 1803 2034 1833 tnnc
2056 1796 2140 1834 fere
2170 1808 2254 1833 om-

182 1882 256 1907 nes
282 1869 400 1908 duces
418 1870 649 1919 provincias
677 1867 923 1919 expilarunt,
952 1871 1114 1908 omnino
1141 1878 1303 1921 potens,
1328 1884 1422 1922 erga
1449 1869 1720 1922 provinciales
1746 1883 1905 1909 summa·
1928 1870 2132 1909 modestia·
2155 1871 2254 1922 egit,

181 1943 240 1980 ita
267 1949 311 1979 ut
346 1943 435 1993 ejus
462 1940 608 1979 bonam
635 1942 782 1979 famam
808 1948 972 1992 statuae,
1009 1944 1208 1995 imagines
1236 1950 1277 1980 et
1304 1943 1407 1980 tituli
1435 1944 1706 1981 ostenderent.
1759 1943 1809 1980 cf.
1835 1942 1967 1980 Tacit.
1993 1942 2086 1979 hist.
2116 1948 2157 1991 2,
2190 1948 2253 1982 77.

182 2015 251 2053 ubi
280 2015 494 2054 Mucianus
521 2017 563 2053 in
592 2018 777 2053 oratione
806 2017 861 2054 ad
884 2017 1184 2067 Vespasianum
1210 2017 1349 2055 habita
1377 2019 1483 2056 dicit.
1536 2017 1678 2056 Tuae
1719 2017 1886 2055 domui
1925 2014 2250 2065 triumphale

183 2086 397 2127 nomen:
443 2089 540 2127 duo
580 2089 839 2140 juvenes,
891 2101 1056 2139 capax
1095 2091 1201 2141 jam
1243 2091 1453 2140 imperii
1490 2088 1658 2139 alter,
1713 2096 1764 2126 et
1798 2089 1981 2140 primis
2018 2087 2248 2127 militiae

180 2163 342 2200 annis
374 2161 509 2212 apud'
543 2163 896 2212 germanicos
933 2174 1132 2215 quoque
1169 2164 1446 2201 exercitus
1481 2161 1671 2201 clarus.
1732 2159 2024 2199 Absu‘rd'um
2060 2161 2247 2209 fuerit,

150 2244 283 2274 vno‘n
321 2235 511 2274 eediere
553 2235 780 2284 imperio
827 2236 931 2284 ei,-
972 2238 1126 2286 cujus
1162 2235 1335 2274 filium
1389 2236 1741 2285 adoptaturus
1783 2247 1981 2284 essem,
2045 2235 2089 2272 si
2135 2235 2247 2284 ipse

180 2309 507 2358 imperarem.
558 2307 656 2346 Post
684 2306 897 2358 stipendia,
927 2314 970 2346 ut
996 2307 1215 2348 Suetonius
1243 2311 1384 2359 tradit,
1410 2309 1498 2348 foro
1527 2321 1692 2359 operam
1721 2308 1850 2357 dedit,
1879 2306 2092 2346 honestam
2119 2308 2248 2360 magis

182 2393 300 2432 quam
338 2381 553 2419 assiduam.
633 2381 786 2419 Eodem
822 2388 1003 2431 tempore
1031 2381 1272 2423 Arricidiam
1300 2382 1525 2421 Tertullam
1562 2384 1677 2421 duxit
1713 2394 1884 2420 uxorem
1922 2394 2049 2432 eaque
2089 2390 2246 2420 mortua

148 2447 379 2512 'Z‘Marciam
405 2452 643 2503 Furnillam,
673 2467 727 2493 ex
755 2468 837 2508 qua
869 2453 996 2494 filiam
1018 2455 1171 2496 Juliam·
1193 2457 1419 2509 progenuit.
1471 2456 1538 2496 Ex
1566 2463 1779 2507 quaestnrae
1811 2456 1956 2494 deinde
1994 2468 2159 2494 munere
2187 2454 2246 2494 le-

179 2529 314 2583 gionis
333 2529 419 2566 dux
434 2524 565 2566 factus
578 2529 764 2578 judaicas
782 2527 902 2567 urbes
919 2528 1150 2568 Tarichaeas
1174 2539 1214 2568 et
1232 2532 1439 2572 Gamalam
1457 2534 1499 2570 vi
1518 2532 1784 2583 expugnavit,
1812 2529 1959 2581 ubique
1981 2531 2244 2570 fortissimum

133 2590 138 2594 ’
172 2594 349 2649 jn'ilitem
385 2608 427 2640 et
464 2601 606 2640 ducem
632 2614 676 2639 se
704 2600 886 2652 praebuit.
964 2600 1014 2641 cf.
1041 2603 1151 2642 Suet.
1179 2602 1261 2646 Tit.
1293 2609 1332 2646 4.
1357 2604 1523 2656 Joseph.
1559 2606 1595 2643 d.
1631 2603 1656 2643 b
1679 2606 1712 2655 J'.
1739 2608 1780 2653 3,
1812 2607 1876 2644 10.
1955 2603 2060 2643 Dum
2090 2603 2175 2643 haec
2202 2606 2243 2643 in

0 2697 27 2732 ,ἑ
50 2696 61 2731 '.-
149 2665 318 2713 -ztudaea
342 2682 459 2732 &Sta
486 2683 602 2725 sunt,
631 2661 767 2713 Ro'mae
786 2675 901 2715 Nero
925 2678 1161 2717 interfectus
1189 2689 1273 2729 est,
1303 2688 1342 2718 et
1361 2679 1492 2725 Galba
1520 2694 1545 2717 a
1564 2674 1759 2717 militibus
1787 2679 2006 2730 imperator
2026 2680 2153 2718 dictus
2172 2682 2245 2718 im·

36 2734 64 2761 γ’
172 2733 337 2800 'perium
361 2750 503 2789 tenuit.
554 2750 838 2801 Vespasiano,
867 2752 938 2803 qui
963 2751 1172 2793 aNerone
1201 2754 1285 2794 dux
1311 2751 1494 2793 delectus-
1516 2760 1604 2791 tum
1626 2750 1777 2791 bellum
1799 2759 1941 2792 contra
1965 2751 2128 2792 Judaeos
2154 2767 2243 2792 cum
