2470 3202
1012 178 1379 218 —7—-

158 301 261 343 Asia
295 307 521 352 ceteraeque
559 298 800 351 provinciae,
855 296 990 337 multae
1027 297 1189 338 illarum
1226 304 1421 337 terrarum
1457 295 1599 337 insulae
1627 309 1650 335 a
1678 293 1788 335 bello
1817 307 1897 334 non
1926 292 2236 334 abhorruerunt.

162 357 299 414 Duces
330 372 501 411 militum
529 373 654 409 animi
682 379 723 408 et
749 371 909 409 consilii
937 371 1041 409 bene
1069 373 1187 423 gnari
1215 370 1337 408 finem
1367 370 1460 408 belli
1490 372 1596 408 iuter
1618 369 1823 408 Othonem
1853 378 1893 406 et
1916 367 2129 408 Vitellium
2159 368 2236 405 orti

163 454 410 497 exspectare
438 443 676 494 voluerunt,
723 456 801 495 qua
829 445 877 483 de
906 458 1027 483 causa
1065 442 1258 494 impetum
1293 443 1335 480 in
1370 445 1622 482 occasionem
1662 441 1917 481 distulerunt.
1970 439 2096 479 Paulo
2126 448 2234 490 post,

162 520 324 570 cognito
353 517 566 557 Vitellium
595 517 781 557 omnibus
809 530 900 555 esse
927 518 1119 565 invisum,
1147 517 1427 564 Vespasianus
1454 515 1604 553 bellum
1634 515 1849 552 meditatur
1877 522 1997 564 atque
2027 526 2138 550 arma
2166 525 2236 562 pa·

161 599 245 642 rat,
291 597 499 630 nutantem
527 588 743 629 Mucianus
778 590 982 642 ceterique
1017 588 1145 641 legati
1180 596 1301 640 atque
1336 597 1470 628 vatum
1506 602 1703 639 responsa
1730 588 1916 637 firmant,
1964 585 2233 627 Alexandriae

161 666 367 704 exercitus
394 664 546 714 primus
572 664 857 711 imperatorem
884 675 976 701 eum
1003 662 1174 711 salutat,
1225 670 1367 712 ceterae
1395 665 1541 713 copiae,
1598 676 1721 714 reges
1744 661 1965 709 Sohcmus,
1997 660 2237 709 Antiochus,

161 722 346 789 Agrippa
372 737 462 787 ejus
497 733 729 786 exemplum
757 742 1002 787 sequuntur,
1046 735 1325 786 Vespasianus
1359 737 1578 788 imperator
1614 745 1654 774 et
1681 735 1889 788 Augustus
1919 735 2047 772 dictus
2077 733 2235 773 Mucia-

162 822 256 848 num
286 809 453 847 Romam
481 810 711 858 praexni-ttit,
750 808 842 845 dum
869 810 957 858 ipse
985 808 1252 848 Alexandriae
1279 819 1461 847 versatus
1489 819 1572 859 est,
1610 817 1673 858 ut,
1710 811 1745 846 si
1774 822 1839 846 res
1868 816 2076 858 posceret,
2126 819 2233 843 novo

162 883 389 933 conscripto
413 883 595 920 exercitu
620 880 734 919 illum
758 882 981 931 adjuvaret.
1034 875 1230 921 Vitellius
1254 884 1426 922 vincitur
1449 892 1489 922 et
1513 892 1714 932 necatur,
1731 882 1946 921 Mucianus
1966 882 2134 919 Romam
2155 882 2237 919 vic·

164 962 226 994 tor
252 955 377 993 intrat
405 961 445 991 et
462 936 763 1004 Vespasianus,
793 967 836 993 re
863 965 1058 1004 prospere
1086 961 1224 1006 gesta,
1256 968 1279 993 a
1302 964 1443 994 senatu
1471 968 1631 1008 quoque
1661 956 1886 1005 ceterisque
1914 955 2136 1004 provinciis
2165 954 2239 991 im·

164 1034 326 1078 perator
342 1028 620 1080 renuntiatur.
656 1026 775 1064 Titus
805 1039 910 1063 nunc
931 1025 1222 1076 bellojudaico
1238 1030 1498 1078 praeponitur,
1528 1035 1643 1079 pater
1664 1029 1701 1065 ei
1724 1027 2013 1065 validissimam
2034 1027 2239 1064 exercitus

162 1110 317 1152 partem
346 1101 467 1140 tradit
493 1101 543 1140 ad
570 1100 728 1151 reliqua
756 1102 904 1151 judaici
933 1100 1031 1139 belli
1058 1104 1340 1152 perpetranda.
1389 1104 1551 1152 judaea,
1583 1115 1670 1155 quae
1693 1102 1856 1153 regibus
1879 1104 2035 1151 paruit,
2065 1103 2159 1140 inde
2188 1100 2240 1139 ab

161 1186 269 1213 anno
296 1175 354 1215 44
377 1171 549 1212 Claudio
578 1172 715 1213 Romae
741 1181 954 1226 regnante,
981 1175 1024 1212 in
1048 1172 1271 1214 Romanam
1297 1176 1546 1226 provinciam
1571 1183 1724 1214 mutata
1749 1188 1772 1213 a
1797 1173 2140 1226 procuratoribus,
2171 1173 2240 1224 qui

159 1249 308 1298 partim
330 1246 503 1284 Romani
531 1248 703 1296 equites,
732 1249 878 1296 partim
905 1246 1043 1285 liberti
1071 1255 1200 1297 erant,
1230 1249 1597 1287 administrabatur.
1650 1249 1716 1286 Ex
1736 1261 1848 1285 more
1868 1247 1928 1284 illi
1957 1255 2241 1296 procuratores

160 1320 413 1372 provinciam
441 1318 551 1357 omni
577 1319 697 1358 modo
725 1327 952 1369 vexarunt,
988 1320 1046 1358 ita
1073 1327 1117 1358 ut
1137 1320 1266 1360 Judaei
1296 1314 1650 1360 vehementissime
1679 1322 1864 1372 oppressi
1892 1333 2003 1359 arma
2040 1328 2243 1370 caperent.

161 1391 274 1432 Inter
301 1399 584 1442 procuratores
611 1391 816 1430 Antonius
843 1391 968 1430 Felix
996 1405 1068 1443 per
1095 1404 1255 1431 omnem
1282 1395 1477 1432 saevitiam
1505 1402 1546 1433 et
1580 1393 1792 1432 libidinem
1816 1395 1886 1444 jus
1914 1395 2070 1445 regium
2100 1391 2241 1431 servili

161 1466 330 1517 ingenio
359 1466 567 1514 exercuit,
604 1466 676 1503 sed
712 1464 827 1503 illum
863 1464 1101 1505 crudelitate
1137 1468 1344 1518 superavit
1371 1466 1542 1506 Gessius
1568 1466 1715 1506 Florus
1753 1479 1861 1504 anno
1898 1469 1953 1505 64
1987 1474 2241 1516 procurator,

163 1551 242 1590 qua
261 1539 310 1577 de
330 1551 374 1577 re
393 1536 470 1577 sub
491 1550 540 1586 eo
563 1536 714 1576 bellum
743 1546 875 1577 ortum
901 1545 978 1589 est,
1006 1540 1111 1590 quod
1131 1552 1155 1578 a
1171 1540 1428 1591 Vespasiano
1455 1539 1781 1593 gestum,·Titus
1810 1553 1915 1578 nunc
1943 1539 2241 1588 Hierosolymis

163 1612 292 1661 captis
320 1610 466 1649 finivit.
544 1611 640 1650 Vid.
667 1609 801 1649 Tacit.
836 1610 931 1649 hist.
968 1614 1016 1661 5,
1058 1614 1094 1651 1.
1172 1613 1412 1664 EJusdem
1461 1614 1592 1651 anni
1630 1613 1708 1661 (71
1741 1624 1781 1662 p.
1809 1611 1872 1650 ch.
1926 1615 2009 1652 824
2036 1625 2073 1664 p.
2104 1611 2151 1650 R.
2179 1610 2238 1660 c.)

161 1684 431 1735 principio
470 1681 666 1724 Caesar
710 1683 897 1734 Titus,
949 1686 1334 1737 perdomandae
1370 1686 1603 1726 Judaeae
1650 1684 1892 1724 delectus
1929 1699 1952 1723 a
1989 1693 2137 1735 patre
2187 1694 2238 1724 et

161 1756 431 1808 praelatis
466 1758 748 1807 utriusque
784 1756 968 1807 rebus,
1009 1758 1213 1797 militia
1258 1759 1463 1809 clarus,
1514 1762 1709 1809 majore
1750 1766 1846 1796 tum
1894 1761 1946 1797 vi
1994 1757 2239 1811 famaque

164 1817 384 1883 agebat,
422 1829 767 1870 certantibus
802 1832 1199 1884 provinciarum
1237 1841 1287 1871 et
1322 1834 1654 1871 exercituum
1691 1832 1899 1869 studiis.
1961 1831 2133 1883 Atque
2163 1834 2240 1882 ip-

163 1915 248 1952 se„
285 1909 339 1940 ut
365 1913 524 1951 super
560 1902 825 1941 fortunam
852 1903 1188 1955 crederetur,
1232 1905 1471 1943 decorum
1507 1916 1560 1941 se
1597 1909 1958 1953 Promtumque
1997 1904 2240 1942 inarmis

166 1973 517 2025 ostendebat,
573 1976 823 2014 comitate
860 1968 1208 2030 etalloquiis
1235 1977 1420 2015 officia
1456 1987 1784 2026 provocans:
1839 1988 1900 2013 ac
1926 1974 2239 2028 plerumque

162 2048 215 2086 in
242 2058 425 2098 opere,
462 2048 513 2086 in
547 2049 753 2100 agmine
790 2050 1041 2101 gregario
1076 2049 1237 2088 militi
1275 2051 1496 2099 mixtus,
1529 2050 1848 2099 incorrupto
1888 2050 2033 2088 ducis
2071 2049 2238 2088 hono-

161 2135 228 2162 re.
281 2120 411 2162 Tres
463 2133 570 2161 eum
615 2122 668 2161 in
703 2121 904 2162 Judaea
947 2121 1234 2175 legiones,
1280 2124 1459 2174 quinta
1497 2130 1547 2164 et
1584 2123 1780 2161 decima
1809 2130 1858 2161 et
1897 2125 2240 2175 quintadeci-

161 2206 268 2246 ma,
305 2201 454 2234 vetus
490 2194 812 2245 Vespasiani
850 2194 1005 2235 miles
1044 2209 1317 2248 excepere.
1379 2195 1600 2235 Addidit
1638 2195 1842 2244 eSyria
1881 2197 2238 2237 duodecimam

163 2276 213 2308 et
247 2262 504 2309 adductos
538 2267 872 2311 Alexandria
918 2270 1015 2310 duo
1061 2278 1111 2309 et
1157 2271 1517 2309 vicesimanos
1561 2270 1942 2319 tertianosque.
2010 2269 2239 2310 Comita-

161 2341 353 2383 bantur
390 2343 589 2395 viginti
630 2344 812 2383 sociae
853 2343 1142 2394 cohortes,
1191 2351 1307 2383 octo
1352 2344 1586 2394 equitum
1627 2342 1774 2388 alae3
1814 2343 1971 2382 simul
2008 2344 2238 2396 Agrippa

161 2413 521 2466 Sohemusque
559 2427 742 2468 reges,
799 2423 852 2455 et
888 2416 1099 2457 auxilia
1140 2418 1289 2470 regis
1321 2415 1609 2466 Antiochi,
1663 2416 1947 2468 validaque
1986 2426 2036 2455 et
2074 2419 2238 2458 solito

161 2489 307 2529 inter
342 2487 556 2529 accolas
583 2488 703 2528 odio
740 2489 954 2529 infensa
979 2490 1203 2529 Judaeis
1231 2490 1453 2530 Arabum
1490 2503 1699 2528 manus:
1738 2489 1916 2540 multi,
1957 2504 2084 2542 quos
2113 2492 2237 2531 urbe

161 2567 318 2613 atque
346 2558 521 2600 >Italia
557 2572 649 2599 sua
676 2572 928 2612 quemque
956 2574 1080 2613 spes
1114 2564 1386 2602 acciverat
1413 2563 1704 2613 occupandi
1739 2563 2032 2614 principem
2070 2562 2237 2604 adbuc

161 2648 394 2676 vacuum.
470 2633 569 2674 His
611 2646 719 2674 cum
766 2636 941 2686 copiis
987 2634 1133 2676 fines
1165 2636 1395 2676 hostium
1430 2637 1749 2688 ingressus,
1805 2639 2104 2688 composito
2143 2652 2234 2690 ag-

160 2708 323 2759 mine,
369 2715 558 2749 cuncta
602 2706 926 2762 explorans,
979 2717 1296 2764 paratusque
1320 2710 1633 2761 decernere,
1689 2707 1825 2751 haud
1873 2710 2060 2762 procul
2105 2712 2236 2752 Hie·

158 2781 445 2833 rosolymis
480 2789 663 2825 castra
696 2781 847 2826 fecit.
