2470 3202
1011 226 1416 268 -14—

173 349 218 382 et
240 341 481 383 Themistic.
503 350 604 384 orat.
626 345 666 384 6.
722 340 846 383 Ίῖτου
867 343 940 383 τοῦ
960 341 1149 396 γενναίου
1171 342 1221 385 τὸ
1244 342 1436 396 λαμπρὸν
1456 343 1525 382 καὶ
1546 342 1654 395 μέγα
1676 342 1809 386 ἐκεῖνο
1835 342 1967 399 ῥῆμα,
1996 340 2061 385 ὅτι
2087 341 2260 398 τήμερον

170 413 254 454 ὀὐκ
283 414 543 467 ἐβασίλευσα,
573 414 690 456 οὐδὲν
708 416 801 468 γάρ
826 411 871 455 εὖ
900 416 1091 464 ἐποίησα.
1171 418 1227 458 Ut
1253 419 1488 456 ostenderet
1513 418 1688 469 populo,
1718 433 1762 458 se
1788 419 1939 471 ubique
1968 422 2057 470 ejus
2085 421 2258 458 amicum

175 503 292 540 esse,
335 492 378 529 in
407 490 576 530 thermis
612 492 698 530 suis
734 505 816 529 una
852 504 940 530 cum
968 492 1126 532 civibus
1160 493 1272 531 levit.
1334 490 1398 530 Ne
1435 501 1651 543 cogeretur
1685 505 1925 544 quemquam
1953 495 2100 530 civium
2125 500 2258 531 morte

175 561 366 614 afficere,
406 571 525 613 patre
552 570 712 603 mortuo
739 575 884 603 munus
912 563 1119 616 pontificis
1147 564 1324 615 accepit,
1370 570 1412 602 et
1439 576 1591 604 omnes-
1608 561 1830 616 testnntur,
1866 564 1939 604 sub
1968 566 2057 616 ejus
2084 565 2258 616 imperio

174 638 380 674 neminem
416 650 507 675 esse
544 637 815 676 interfectum.
849 639 932 676 vid.
958 638 1070 676 Suet.
1097 638 1181 677 Tit.
1208 642 1247 678 9.
1324 638 1697 677 Pontificatum
1735 641 2005 677 maximum
2033 640 2165 678 ‘ideo
2201 651 2255 678 se

174 708 451 759 professus
488 711 765 760 accipere,
810 718 866 749 ut
902 723 1058 761 puras
1095 705 1335 750 ser'varet
1371 724 1571 762 manus,
1616 713 1775 751 fidem
1812 712 2116 763 praestitit:
2161 723 2257 752 nee

175 789 361 823 auctor
396 781 622 834 posthac
658 784 929 836 cujusdam
966 784 1140 835 necis,
1185 796 1274 824 nec
1312 787 1571 826 conscius.

296 855 424 896 Licet
452 870 551 908 erga
579 868 721 896 omnes
748 855 1161 897 benevolentissimus
1187 865 1318 908 esset,
1349 866 1485 897 tamen
1521 860 1863 910 vituperationem
1902 866 1944 897 et
1970 858 2256 913 contumeliam

175 929 468 982 effugere-non
503 932 660 981 potuit,
699 933 790 982 ejus
827 939 962 970 autem
1001 944 1191 984 magnum
1227 933 1403 970 animum
1435 931 1533 970 talia
1569 932 1673 972 falsa
1701 945 1781 971 non
1811 934 2042 984 tetigerunt.
2105 931 2255 983 Nemo,

172 1005 319 1056 inquit,
347 1005 501 1056 injuria
529 1018 591 1043 me
621 1004 787 1045 afficere
816 1014 885 1044 aut
912 1004 1199 1045 contumeliam
1226 1005 1326 1045 mihi
1354 1005 1504 1046 inferre
1531 1015 1689 1058 potest,
1720 1020 1812 1046 nam
1840 1006 1942 1046 nihil
1970 1006 2256 1058 reprehensio·

172 1091 224 1117 ne
253 1079 418 1130 dignum
446 1091 545 1130 ago,
573 1078 677 1117 falsa
706 1091 787 1117 non
816 1081 1013 1131 respicio,
1051 1082 1188 1131 perire
1214 1079 1344 1130 malo,
1380 1091 1497 1130 quam
1526 1079 1630 1118 alios
1657 1081 1841 1130 perdere.
1894 1079 2080 1119 Moribus
2104 1079 2256 1118 Roma·

174 1165 318 1191 norum
346 1159 544 1204 perpetua
572 1154 678 1192 caede
708 1151 880 1204 aliisque
909 1154 1022 1192 vitiis
1051 1154 1274 1204 corruptis,
1305 1165 1386 1192 non
1414 1155 1558 1193 mirum
1586 1161 1670 1204 est,
1702 1155 1806 1205 quod
1835 1155 1913 1204 ipsi
1943 1153 2122 1203 nobiles,
2153 1166 2254 1206 quos

171 1226 298 1264 tantis
324 1223 538 1264 beneficiis
566 1226 725 1275 affecit,
755 1226 1081 1276 conjurationem
1110 1234 1250 1265 contra
1277 1239 1368 1264 eum
1397 1229 1633 1277 moverent,
1681 1228 1753 1266 sed
1773 1228 1976 1278 *propositi
2006 1235 2131 1268 tenax
2158 1240 2255 1267 con·

171 1301 304 1339 victos
326 1301 383 1338 ita
412 1301 580 1350 dimisit,
608 1307 653 1338 ut
677 1301 721 1339 in
749 1301 889 1339 eadem
918 1300 1218 1351 familiaritate,
1245 1313 1363 1353 qnam
1391 1309 1512 1339 antea
1537 1300 1723 1339 haberet.
1748 1302 1829 1339 vid.
1857 1300 1995 1339 Aur-cl.
2023 1301 2131 1340 vict.
2158 1301 2255 1351 epit.

171 1387 205 1413 c.
245 1376 309 1414 10.
388 1372 738 1413 Clementiam
779 1386 904 1413 vero
940 1386 1107 1424 usque
1146 1386 1203 1411 eo
1238 1375 1520 1425 perduxit,
1572 1382 1649 1424 ut,
1693 1374 2011 1425 amplissimi
2049 1375 2252 1414 ordini-s

172 1447 269 1485 duo
322 1458 471 1497 quum
528 1446 794 1485 adversus
839 1458 947 1484 eum
1000 1448 1412 1498 conjurassent,
1467 1459 1635 1499 neque
1680 1446 1910 1485 abnuere
1956 1447 2252 1498 cogitatum

171 1518 349 1558 scelus
394 1520 640 1570 quirent,
694 1520 961 1557 monuerit
1008 1520 1202 1569 primo:
1251 1528 1374 1571 post
1420 1520 1677 1560 deductos
1714 1522 1765 1559 in
1804 1518 2160 1572 spectaculum
2196 1532 2251 1560 se

169 1594 433 1648 utrimque
476 1593 719 1633 assidere
766 1593 1034 1644 jusserit,
1088 1595 1372 1648 petitoque
1422 1606 1489 1633 ex
1539 1595 1807 1634 industria
1851 1592 2250 1646 mirmillonum,

171 1679 384 1720 quorum
411 1679 618 1720 pugnae
647 1665 988 1717 visebantur,
1027 1666 1233 1719 gladio,
1271 1670 1421 1720 quasi
1449 1669 1508 1708 ad
1536 1667 1913 1721 explorandam
1941 1669 2133 1718 aciem,
2161 1668 2252 1707 uni

169 1749 325 1793 atque
363 1740 531 1781 alteri
569 1741 928 1786 commiserim
978 1740 1171 1792 quibus
1204 1741 1472 1793 perculsis
1518 1749 1572 1780 et
1608 1743 1965 1781 constantiam
2008 1742 2253 1796 miranti-

169 1813 264 1853 bus
302 1815 544 1853 diceret:
597 1814 887 1853 Videtisne
924 1806 1222 1864 potestates
1256 1816 1366 1853 fato
1403 1815 1549 1864 dari,
1592 1815 1898 1865 frustraque
1940 1815 2138 1852 tentari
2175 1814 2277 1854 fn»

171 1890 323 1929 cinus
358 1888 615 1939 potiundi
656 1900 777 1938 spe,
825 1886 910 1925 vel
949 1888 1227 1927 amittendi
1262 1887 1431 1927 metu'!
1484 1886 1844 1936 Imm-Suetonius
1870 1900 1904 1925 c.
1930 1890 1970 1926 9.
1996 1887 2130 1937 addit,
2157 1900 2253 1926 con-

167 1963 305 2001 festim
333 1963 385 2001 ad
411 1961 579 2000 alterius
607 1968 801 2010 matrem,
846 1971 935 2012 quae
962 1960 1126 2010 aberat,
1163 1972 1351 1999 cursores
1376 1972 1474 1999 suos
1501 1961 1633 2009 misit,
1678 1961 1747 2010 qui
1776 1960 1909 1998 anxiae
1936 1957 2092 1997 salvum
2113 1958 2253 1998 ‘filium

171 2038 448 2075 nunciarent-
477 2036 642 2085 Imperii
670 2035 858 2085 cupidum
888 2034 1180 2083 Domitianum,
1210 2036 1276 2086 qui
1307 2036 1426 2073 novis
1453 2033 1574 2073 rebus
1601 2046 1763 2085 semper
1788 2034 1957 2083 studuit,
1994 2034 2103 2071 omni
2130 2034 2251 2072 modo

170 2109 249 2151 sibi
272 2108 492 2150 conciliare
519 2115 689 2149 conatus
716 2115 803 2158 est,
828 2108 902 2147 sed
922 2107 1102 2155 frustra.
1124 2106 1206 2147 ³ille
1232 2110 1375 2162 quavis
1402 2106 1653 2158 turpitudine
1679 2106 1861 2146 famosus
1879 2104 2033 2156 homo,
2060 2104 2159 2145 licet
2186 2118 2252 2145 es-

170 2189 234 2223 set
259 2183 476 2234 potestatis
500 2182 731 2233 particeps,
758 2183 802 2219 in
830 2181 970 2220 Titum
999 2182 1169 2219 insidias
1190 2193 1336 2231 parare
1363 2194 1446 2219 non
1473 2181 1610 2219 desiit.
1661 2179 1809 2229 Titus,
1836 2181 1906 2230 qui
1926 2182 2031 2230 jam,
2051 2181 2103 2217 tt
2128 2191 2252 2230 supra

172 2258 344 2306 dictum,
390 2256 558 2295 fratrem
586 2255 693 2305 apud
720 2262 876 2306 patrem
904 2262 986 2294 tam
1022 2256 1191 2307 egregie
1219 2256 1481 2306 defenderat,
1526 2243 1636 2294 nune
1661 2266 1821 2306 quoque
1855 2255 2019 2292 veniam
2056 2254 2094 2292 ei
2124 2254 2250 2305 dedit,

170 2337 211 2369 et
237 2329 312 2369 tali
340 2330 462 2368 modo
487 2330 532 2367 iu
561 2341 654 2367 enm
681 2341 726 2367 se
755 2331 897 2380 gessit,
926 2330 1042 2381 quasi
1071 2330 1202 2366 omnis
1229 2326 1357 2379 culpae
1381 2314 1539 2367 vacuus
1563 2334 1685 2367 esset.
1735 2327 1819 2365 vid.
1844 2325 1944 2365 Aur.
1969 2326 2129 2365 Victor.
2152 2327 2251 2378 epit.

169 2418 203 2445 c.
232 2407 300 2446 13.
377 2404 615 2442 Fratrem
660 2413 866 2453 quoque
899 2401 1285 2452 Domitianum,
1335 2408 1610 2452 para-ntem
1644 2399 1878 2439 insidias
1914 2398 2249 2452 militumque

169 2480 369 2517 animos
396 2475 815 2524 sollicitantem,
858 2474 1000 2514 flens
1026 2475 1247 2523 saepius
1273 2474 1578 2514 obtestatus
1601 2481 1708 2524 est,
1750 2486 1815 2512 ne
1840 2474 2139 2524 parricidio
2166 2486 2248 2513 ns-

168 2552 314 2603 sequi
353 2557 603 2602 cuperet,
649 2549 780 2600 quod
820 2555 868 2587 et
901 2562 959 2589 se
995 2547 1212 2588 volente
1250 2556 1396 2588 esset
1429 2547 1780 2588 obventurum
1817 2548 1896 2597 ei,
1939 2549 2123 2599 etjam
2159 2543 2248 2586 ha*

167 2624 350 2677 beret,
401 2637 510 2664 cum
548 2625 622 2664 sit
664 2624 941 2675 particeps
976 2622 1285 2674 pot-estatis.
1334 2621 1449 2662 Suet.
1473 2620 1620 2661 ’Pinc-
1645 2624 1687 2663 9.
1763 2621 2014 2671 Fratrem,
2057 2618 2249 2660 insidi-

168 2700 247 2738 ari
287 2698 390 2737 sibi
427 2710 526 2736 non
566 2697 929 2746 desinentem,
974 2696 1064 2735 sed
1099 2707 1266 2746 paene
1303 2708 1365 2736 ex
1398 2695 1645 2747 professo
1680 2679 2076 2743 sollicitantem
2103 2705 2248 2737 exe-r·

170 2774 341 2822 citus,
406 2772 746 2810 meditantem
785 2770 988 2822 fugam,
1043 2782 1135 2811 nec
1181 2761 1468 2819 occidere,
1521 2780 1615 2807 nec
1669 2779 1957 2817 seponere,
2004 2779 2062 2805 a⁴c
2098 2779 2155 2805 tre
2191 2768 2244 2806 in

168 2846 371 2884 minore
405 2843 613 2897 quidem
649 2840 850 2882 honore
880 2840 1081 2882 habere
1115 2843 1397 2890 sustinuit:
1436 2841 1528 2882 ned
1555 2847 1662 2880 uta
1687 2840 1856 2891 prim·
1883 2839 1969 2879 die
2004 2833 2246 2890 imperii,
