2470 3202
1001 179 1450 246 —16—‘

155 327 207 363 et
230 332 426 363 summa
454 333 689 385 quaeque
721 319 1107 364 subsultarent.
1157 322 1368 365 Adhaee
1394 323 1600 364 sonitus
1628 337 1734 366 cnm
1769 322 2127 378 subterranei,
2164 333 2243 367 to-

152 394 425 446 nitrubus,
465 403 567 433 tum
607 408 766 446 snper
801 403 1018 445 terram,
1054 396 1347 450 mugitibus
1386 396 1621 448 similes,
1656 401 1972 438 extiterunt.
2034 399 2240 439 Deinde

152 481 290 508 mare
319 467 475 508 simul
511 469 761 518 fremere,
802 468 1006 508 coelum
1034 483 1135 508 una
1169 482 1485 520 personare,
1524 457 1818 523 ingensque
1847 480 1897 510 et
1923 474 2241 523 repentinus

150 542 355 596 fragor,
397 542 550 594 quasi
579 549 785 582 mentes
822 541 980 582 simul
1012 550 1352 595 corruerent,
1391 544 1654 585 exaudiri.
1707 544 1831 585 Tum
1870 544 2105 586 exsilire
2132 545 2242 597 pri-

133 627 276 653 ⁴mum
303 616 546 653 immensi
572 614 804 665 lapides,
828 623 877 653 et
904 617 963 654 ad
991 628 1209 655 summos
1236 618 1465 656 vertices
1492 619 1818 669 perting·ere;
1848 612 2241 671 deindemng'na

153 690 309 739 eopia
344 690 492 740 ignis
530 686 784 738 fumique,
829 690 901 727 ita
941 697 995 727 ut
1023 702 1216 729 omnem
1250 695 1420 728 aerem
1457 689 1794 741 obscuraret,
1841 690 2239 742 occultaretque

154 760 319 802 solem
348 773 443 799 non
472 748 653 811 aliter,
690 773 832 815 quam
860 762 904 801 si
932 762 1231 802 defecisset.
1254 782 1310 790 —
1362 761 1533 814 Igitur
1559 775 1624 801 ex
1652 762 1734 802 die
1763 775 1887 814 nox,
1917 770 1966 802 et
1990 763 2241 804 tenebrae

154 849 217 875 ex
242 834 358 873 luce
387 834 559 872 factae
583 842 768 884 erant,
818 816 1133 884 put-antibus
1161 834 1456 885 nonnullis,
1493 836 1734 886 gigantes
1761 849 2070 888 resurgere,
2108 837 2241 888 quod
2275 832 2286 838 ”

151 906 315 947 multa
347 914 469 945 tunc
502 919 703 959 quoque
728 918 902 946 eorum
933 907 1213 948 simulacra
1239 921 1327 959 per
1364 905 1549 946 fumum
1586 910 2052 960 conspicerentur,
2080 910 2241 963 quod-

152 994 249 1035 que
287 987 567 1033 praeterea
605 979 834 1032 clangor
861 981 1067 1033 quidam
1095 980 1328 1020 tubarum
1356 981 1640 1020 audiretur.
1694 981 1806 1021 Alii
1833 982 2237 1035 existimabant,

152 1061 237 1095 aut
264 1053 496 1093 mundum
532 1054 835 1092 universum
862 1054 912 1092 in
942 1052 1101 1093 chaos
1128 1055 1326 1107 redigi,
1364 1062 1449 1093 aut
1475 1055 1597 1107 igne
1626 1056 1884 1102 consum&
1932 1055 1994 1095 ob
2030 1049 2240 1110 eamque

152 1142 356 1169 causam
392 1126 756 1178 properabant
794 1127 891 1165 alii
920 1139 984 1165 ex
1011 1127 1232 1167 aedibus
1257 1130 1309 1166 in
1339 1130 1480 1177 vias,
1522 1128 1619 1166 alii
1647 1129 1705 1166 de
1734 1131 1836 1167 viis
1863 1130 1912 1166 in
1940 1131 2095 1169 aedes
2121 1144 2241 1169 cen-

151 1203 361 1256 fugere3
400 1214 580 1242 rursus
604 1199 706 1240 alii
744 1214 767 1240 e
795 1202 921 1244 mari
954 1202 1421 1252 incontinentem,
1459 1200 1557 1241 alii
1594 1213 1660 1240 ex
1688 1203 1992 1242 continenti
2019 1204 2071 1243 in
2101 1216 2237 1244 mare

153 1290 207 1316 se
243 1287 496 1326 recepere
536 1273 867 1321 conturbati;
916 1287 974 1314 ea
1002 1276 1199 1325 omnia,
1238 1288 1364 1329 quae
1406 1274 1658 1314 abessent
1694 1288 1719 1314 a
1747 1289 1823 1326 se,
1865 1277 2241 1316 existimantes

153 1353 357 1391 tutiora
385 1348 542 1388 rebus
571 1349 960 1400 praesentibus.
1012 1350 1227 1390 Interea
1263 1350 1373 1388 dum
1409 1348 1541 1387 haec
1577 1347 1814 1399 fiebant,
1858 1349 2015 1388 simul
2043 1349 2240 1388 ineffa-

151 1424 283 1466 bilis
321 1423 473 1476 copia
520 1422 729 1462 cineris
770 1436 795 1462 a
830 1430 992 1463 vento
1030 1430 1244 1476 egesta,
1300 1429 1490 1463 terram
1535 1415 1769 1473 pariter,
1820 1430 1875 1461 et
1912 1436 2048 1463 mare
2086 1431 2240 1476 atque

153 1505 275 1539 aera
311 1505 474 1535 totum
511 1497 819 1546 occupavit:
870 1509 998 1548 quae
1033 1508 1117 1535 res
1158 1496 1318 1534 multa
1352 1497 1531 1535 damna
1563 1496 1645 1542 (ut
1683 1495 1791 1534 fors
1827 1495 2045 1544 tulerat)
2081 1496 2243 1535 homi-

154 1571 330 1621 nibus,
368 1570 538 1622 agris,
576 1567 856 1619 pecoribus
891 1570 1222 1621 importavit,
1257 1569 1455 1620 pisces,
1500 1565 1845 1619 volucresque
1881 1581 2057 1609 omnes
2092 1582 2242 1621 pere·

155 1648 271 1695 mit,
315 1644 545 1693 duasque
592 1643 828 1694 integras
863 1642 1043 1692 urbes,
1100 1642 1455 1681 Herculanum
1489 1648 1540 1678 et
1573 1640 1864 1691 Pompejos‚
1931 1641 2123 1694 populo
2159 1655 2240 1681 se-

157 1721 315 1760 dente
352 1718 406 1756 in
446 1714 681 1766 theatro,
705 1717 930 1766 »penitus
966 1714 1154 1756 obruit.
1206 1715 1474 1755 Postremo
1509 1721 1680 1753 tantus
1715 1714 1813 1754 fuit
1849 1715 2006 1766 cinis,
2042 1723 2096 1754 ut
2123 1727 2241 1768 pars

153 1793 276 1833 inde
312 1789 625 1842 pervenerit
660 1789 712 1827 in
738 1787 995 1840 Africam,
1030 1788 1254 1839 Syriam,
1295 1795 1345 1827 et
1379 1787 1687 1840 Aegyptum,
1725 1788 2106 1841 introJeritque
2142 1788 2240 1829 Ro-

155 1877 304 1907 mam:
346 1865 563 1914 eJusque
602 1867 770 1901 aerem
806 1862 1172 1913 compleverit,
1210 1868 1260 1899 et
1285 1859 1445 1900 solem
1473 1860 1852 1900 obscuraverit.
1904 1860 2010 1901 Nec
2045 1864 2240 1902 medio·

156 1941 262 1980 cris
296 1939 453 1976 etiam
481 1935 666 1975 Romae
702 1937 992 1988 trepidatio
1026 1935 1324 1988 complures
1360 1936 1418 1975 ad
1454 1936 1568 1975 dies
1605 1942 1716 1975 orta
1751 1943 1851 1987 est,
1889 1947 2038 1988 quum
2066 1945 2241 1980 ornnes

157 2016 469 2067 ignorarent
504 2010 579 2058 id,
616 2010 748 2062 quod
782 2008 971 2049 factum
1006 2018 1139 2061 erat,
1183 2022 1275 2049 nee
1310 2010 1429 2061 quid
1468 2017 1634 2060 esset,
1687 2011 1994 2061 conjectura
2028 2013 2241 2063 assequi

155 2091 385 2140 possent,
437 2082 617 2134 Itaque
654 2083 770 2124 etii
804 2090 987 2133 putare
1023 2090 1333 2133 coeperunt,
1371 2083 1538 2121 emnia
1574 2094 1779 2121 sursum
1815 2083 2050 2125 deorsum
2084 2085 2240 2137 ferri,

157 2158 422 2206 solemque
459 2155 509 2191 in
545 2162 734 2192 terram
771 2154 1039 2204 delapsum
1075 2157 1347 2206 extingui,
1385 2168 1441 2193 ac
1476 2162 1666 2193 terram
1701 2156 1754 2192 in
1790 2155 1987 2194 coelum
2023 2158 2240 2196 adscen-

159 2234 295 2273 dere.
347 2227 646 2278 Quanquam
684 2234 853 2266 autem
881 2227 966 2268 hic
1002 2228 1141 2268 cinis
1178 2227 1490 2272 non.statim
1524 2224 1711 2266 attulit
1746 2239 1926 2279 magna
1961 2229 2244 2268 incommo-

142 2283 220 2346 „da
254 2300 442 2355 populo
480 2299 738 2349 Romano,
793 2308 958 2339 tamen
1003 2302 1140 2340 idem
1173 2308 1357 2352 postea
1399 2298 1625 2339 morbum
1667 2299 2006 2350 pestilentem
2041 2308 2092 2340 et
2126 2315 2243 2355 gra·

158 2389 268 2439 vern
300 2374 526 2414 immisit.
590 2371 748 2410 Plinius
783 2375 827 2411 in
865 2374 1018 2413 duabas
1043 2374 1233 2425 epistolis
1269 2375 1321 2413 ad
1350 2374 1541 2414 Tacitum
1569 2358 1675 2411 datis
1702 2373 1771 2411 lib.
1799 2378 1847 2422 6,
1882 2378 1955 2424 16,
1984 2379 2053 2415 20.
2104 2378 2241 2428 priore

159 2452 252 2492 loco
281 2455 452 2489 mortem
480 2444 672 2485 avunculi
700 2444 825 2485 Plinii
859 2449 1029 2499 majoris
1057 2447 1137 2486 viri
1171 2449 1345 2502 insignis
1372 2446 1557 2488 celebrat
1590 2454 1713 2499 atque
1740 2446 1798 2487 ibi
1826 2448 1866 2487 id
1894 2461 2018 2488 unum
2044 2451 2150 2503 agit,
2197 2459 2244 2491 nt

160 2526 285 2566 Plinii
313 2522 514 2568 animum,
560 2532 642 2570 quo
678 2531 827 2557 novum
863 2520 1100 2565 miraculum
1134 2522 1300 2573 propius
1328 2534 1472 2572 nosse,
1519 2529 1641 2573 atque
1668 2519 1994 2572 periclitantibus
2027 2533 2242 2564 succurere

160 2598 351 2645 voluerit,
381 2602 466 2632 tum
494 2594 636 2631 mortis
661 2594 862 2632 rationem
889 2593 1037 2634 Tacito
1064 2595 1318 2646 posterisque
1347 2595 1501 2644 tradat,
1539 2593 1671 2633 altero
1710 2606 1810 2634 vero
1836 2586 2067 2636 incendium
2104 2590 2237 2646 ipsum

163 2673 227 2712 his
255 2667 393 2709 verbis
420 2666 649 2705 accuratius
687 2664 900 2707 describit:
992 2667 1364 2707 Praecesserat
1399 2679 1488 2719 per
1530 2664 1725 2705 multos
1760 2666 1873 2706 dies
1909 2674 2242 2714 tremor-,ter-

162 2756 251 2784 rae
289 2742 453 2780 minus
492 2736 893 2789 formidolosus,
931 2741 1050 2791 quia
1077 2738 1391 2791 Campaniae
1427 2740 1649 2780 solitus:
1687 2738 1786 2777 illa
1825 2753 1947 2794 vero
1986 2750 2131 2782 nocte
2169 2745 2245 2784 ita

164 2814 419 2863 invaluit,
458 2819 511 2851 ut
548 2823 646 2851 non
682 2814 880 2853 moveri
912 2814 1114 2864 omnia,
1152 2814 1419 2855 sed.verti
1454 2814 1810 2856 crederentur.
1845 2836 1897 2846 —
1976 2815 2084 2856 Iam
2118 2817 2277 2859 hora*
