2470 3202
968 172 1368 213 ——Jl—

135 292 438 345 mitigatus,
476 302 620 343 quam
649 290 759 330 Tit-i
796 292 996 342 pietate
1031 291 1287 344 gaudens,
1324 290 1455 329 bono
1483 303 1600 330 esse
1628 287 1995 340 animojub'et,
2032 286 2204 326 bello-

138 379 237 418 que
290 375 341 404 et
386 368 545 405 armis
591 365 966 415 rempublicam
1004 364 1286 410 attollere3
1339 365 1443 403 sibi
1491 377 1666 416 pacem
1712 361 2014 415 domumque
2053 376 2203 400 curae

137 440 260 481 fore.
1298 433 1303 436 ⁶

253 513 398 563 Titus,
428 521 636 564 postquam
658 515 876 564 >imperium
906 516 1075 565 adeptus
1104 522 1190 562 est,
1220 513 1353 551 statim
1382 511 1636 562 Berenicem,
1665 522 1754 563 quae
1774 510 1993 562 peregrina
2021 507 2207 547 omnibus

140 586 295 627 civibus
323 594 424 640 erat*
447 586 602 636 invisa,
646 585 697 624 ab
725 586 823 625 urbe
853 588 1028 637 dimisit,
1073 596 1112 626 et
1140 587 1235 626 licet
1262 587 1414 624 famosa
1442 599 1544 625 uxor
1573 598 1714 624 omnes
1751 593 1861 623 artes
1889 582 2124 632 adhiberet,
2166 590 2210 619 ut

140 659 226 700 Titi
248 661 421 698 Edictum
440 660 596 697 irritum
626 660 802 710 faceret,
831 659 971 699 urbem
1000 660 1232 715 relinquere
1262 658 1417 705 debuit3
1444 667 1730 697 enervatorum
1758 670 1905 710 greges
1934 656 2046 693 abire
2068 656 2208 705 jussit,

140 742 181 772 et
208 734 449 783 optimorum
477 735 694 770 amicorum
723 735 1012 772 consuetudine
1042 748 1146 773 nunc
1173 747 1269 771 usus
1300 741 1371 771 est.
1434 733 1595 771 Civium
1624 745 1723 782 opes
1750 740 2030 770 sacrosanctas
2059 728 2212 778 habuit,

142 804 292 845 nemini
321 802 473 857 aliquid
511 804 683 856 ademit,
729 805 829 856 ipsis
856 806 1060 845 concessis
1089 813 1132 846 et
1158 803 1290 845 solitis
1317 804 1602 845 collationibus
1628 805 1815 857 rejectis,
1855 802 2050 842 abstinuit
2078 801 2213 841 alieno

111 920 120 924 ,
141 886 185 916 ut
212 880 246 916 si
275 880 364 929 quis
393 891 566 928 unquam
594 880 674 928 yid.
702 878 814 916 Suet.
841 879 925 917 Tit.
954 883 991 919 7.
1014 919 1017 923 ,
1053 879 1144 917 Hoc
1171 879 1301 928 facto,
1348 888 1392 917 ut
1420 880 1523 917 bene
1551 881 1696 919 Victor
1724 887 1861 927 notat,
1910 868 2031 928 quasi³
2053 879 2213 928 signum

142 960 303 991 mutatae
340 952 661 1002 intemperantiae
689 951 868 1003 protulit.
920 951 1037 991 lllum
1066 953 1214 991 civium
1242 965 1443 1002 amorem,
1480 964 1599 1003 quem
1621 954 1708 1002 jam
1736 959 1852 1002 pater
1878 950 1956 989 sibi
1983 956 2214 1000 paraverat,

143 1024 254 1065 filius
281 1025 425 1077 quavis
452 1025 610 1063 ratione
639 1025 802 1076 egregie
830 1038 981 1077 augere
1008 1025 1182 1075 studuit,
1222 1038 1313 1064 nam
1341 1026 1415 1064 vix
1443 1025 1657 1076 imperium
1684 1036 1900 1076 aggressus
1928 1023 2103 1062 edictum
2131 1023 2215 1062 edi-

144 1098 226 1148 dit,
271 1099 315 1135 u't
342 1099 491 1136 donata
518 1088 789 1150 concessaque
809 1111 841 1136 -a
868 1097 1071 1148 prioribus
1099 1097 1432 1150 imperatoribus,
1476 1106 1643 1151 quaeq‘ue
1671 1104 1888 1148 sequentes
1915 1096 2077 1134 firmare
2105 1095 2217 1134 soliti

144 1178 261 1221 sunt,
289 1171 582 1221 possidentium
612 1178 759 1209 essent.
802 1170 1018 1210 Continuis
1045 1173 1087 1210 in
1114 1171 1405 1221 seditionibus,
1433 1170 1578 1222 quibus
1604 1172 1874 1220 imperatores
1900 1169 2071 1220 imperio
2099 1170 2217 1221 potiti

144 1251 261 1293 sunt,
306 1243 380 1281 illa
406 1242 608 1282 beneficia
645 1256 725 1282 non
761 1256 855 1283 raro
892 1257 917 1282 a
952 1240 1255 1284 successoribus
1282 1251 1428 1296 negata
1455 1251 1594 1293 erant,
1641 1244 1844 1294 praecipue
1870 1243 1905 1281 si
1933 1242 2120 1280 homines
2148 1240 2220 1279 illa

145 1316 422 1366 accepissent,
460 1316 528 1366 qui
557 1314 848 1366 imperantibus
877 1329 957 1354 non
985 1315 1235 1367 placuerunt.
1287 1316 1440 1364 Quavis
1466 1316 1593 1368 igitur
1627 1316 1789 1365 imperii
1825 1316 2048 1352 mutatione
2077 1316 2221 1352 timen-

147 1390 240 1429 dum
268 1397 378 1439 erat,
408 1402 483 1439 ne,
512 1403 599 1441 quae
625 1391 739 1440 prior
766 1391 986 1440 imperator
1013 1391 1303 1440 concessisset,
1332 1391 1628 1439 adimerentur,
1658 1402 1737 1440 qua
1764 1388 1814 1428 de
1843 1402 1966 1428 causa
1993 1388 2114 1427 Titus
2141 1389 2221 1439 pri-

147 1476 236 1501 mus
273 1461 346 1500 illo
384 1463 518 1501 edicto
555 1463 660 1501 hunc
699 1446 883 1502 timorem
918 1463 1095 1502 sustulit.
1130 1465 1212 1503 vid.
1239 1464 1365 1515 Xipb.
1392 1466 1462 1514 66,
1494 1467 1567 1504 19.
1639 1462 1797 1502 Titus
1833 1464 2062 1502 edictum
2100 1475 2219 1513 pro-

148 1534 435 1586 mulgavit,
487 1548 583 1587 quo
621 1549 646 1574 a
680 1535 953 1588 prioribus
987 1537 1322 1588 principibus
1358 1539 1475 1577 data
1503 1535 1861 1576 confirmavit.
1913 1537 2016 1576 Eum
2044 1538 2222 1575 seriores

148 1609 277 1653 secuti
303 1616 422 1658 sunt,
468 1616 513 1647 ut
548 1610 785 1647 nominatim
813 1610 863 1648 de
890 1608 1030 1649 Nerva
1058 1622 1115 1649 ex
1143 1610 1266 1650 Plinii
1302 1609 1484 1661 epistolis
1513 1617 1683 1649 constat.
1744 1608 1916 1657 Quidem
1945 1617 2027 1647 tum
2054 1618 2221 1648 senatus

148 1679 248 1730 fuit,
294 1682 364 1731 qui
391 1694 446 1720 ex
468 1683 762 1719 constitutione
790 1682 982 1720 Romanae
1008 1682 1242 1734 reipublicae
1269 1683 1378 1722 solus
1404 1683 1518 1735 leges
1545 1683 1652 1722 ferre
1681 1682 1832 1732 debuit,
1862 1682 2050 1721 consules
2078 1696 2223 1733 nempe

150 1766 217 1793 ms
252 1753 535 1794 deliberandas
571 1744 890 1808 proposuerunt,
938 1763 979 1795 et
1014 1763 1181 1796 senatus
1218 1759 1417 1808 decrevit,
1464 1759 1564 1809 ipsis
1593 1756 1840 1809 principibus
1877 1768 2017 1796 omnes
2046 1757 2224 1796 honores

151 1827 305 1866 tribuit·
337 1823 456 1875 'anae
483 1837 717 1867 senatorum
738 1831 835 1879 jura
863 1842 969 1868 nunc
995 1832 1160 1868 omnino
1188 1841 1304 1872 erant
1330 1812 1720 1881 deletnisenatores
1749 1845 1773 1869 a
1800 1831 2050 1881 principibus
2078 1830 2226 1870 delecti

153 1906 195 1939 et
220 1912 244 1939 e
272 1902 384 1940 curia
409 1902 634 1953 repudiati,
680 1903 791 1942 omni
818 1909 1019 1955 potestate
1046 1904 1218 1956 privati,
1254 1919 1339 1959 quae
1365 1904 1425 1944 illi
1455 1905 1612 1956 tyranni
1637 1905 1869 1955 jusserunt,
1916 1904 2223 1955 confirmarunt,

152 1975 188 2013 si
209 1975 297 2025 quis
317 1972 456 2014 forsan
477 1974 614 2015 verbis
633 1974 699 2014 vel
729 1975 842 2014 vultu
869 1975 937 2015 vel
957 1978 1118 2028 scriptis
1145 1978 1390 2030 principibus
1418 1978 1726 2027 adversaretur,
1754 1979 1962 2016 audaciam
1991 1986 2119 2017 morte
2142 1978 2230 2017 luit.

151 2049 243 2087 Jam
265 2050 550 2100 ‚Vespasianus
571 2052 668 2101 jura
694 2059 859 2090 senatus
886 2054 1144 2102 restituerat,
1173 2053 1293 2092 Titus
1320 2064 1416 2089 vero
1448 2050 1551 2089 bene
1579 2050 1814 2102 intelligens
1843 2052 2083 2103 dignitatem
2111 2066 2229 2091 sena·

133 2122 322 2172 ,toi-iam,
370 2124 481 2167 omni
508 2130 710 2177 potestate
738 2124 920 2175 ademta,
964 2124 1145 2164 umbram
1173 2133 1323 2165 tantum
1352 2137 1467 2173 esse,
1506 2131 1757 2162 sacramento
1786 2123 1992 2174 pollicitus
2021 2132 2105 2174 est,
2142 2125 2229 2164 sore

154 2206 199 2233 ut
219 2208 337 2233 nemo
362 2196 620 2248 Senatorum,
649 2199 686 2236 si
713 2199 907 2237 audacius
934 2207 975 2236 et
1002 2199 1171 2238 liberius
1192 2202 1233 2237 in
1261 2201 1370 2237 curia
1398 2199 1565 2246 diceret,
1593 2200 1818 2252 puniretur.
1872 2197 2033 2235 Civium
2053 2211 2231 2236 amorem

155 2269 357 2319 praecipue
392 2282 443 2308 eo
480 2270 561 2309 sibi
596 2261 854 2322 conciliavit,
899 2273 1006 2323 quod
1041 2270 1247 2311 delatores
1273 2279 1313 2309 et
1338 2271 1594 2309 mandatores
1621 2254 1740 2321 poena
1768 2271 1917 2309 affecit.
1970 2270 2076 2310 Illud
2103 2285 2232 2323 genus

156 2339 365 2382 hominum
402 2341 565 2394 publico
602 2345 733 2384 exitio
778 2351 1008 2397 repertum,
1056 2346 1126 2397 qui
1161 2343 1235 2385 sub
1279 2341 1590 2396 imperatoribus
1626 2351 1719 2382 ante
1748 2343 2046 2394 Vespasianum
2084 2343 2232 2398 ubique

156 2399 343 2453 timorem
379 2422 429 2458 et,
456 2422 654 2455 terrorem
681 2416 882 2468 tulerant,
931 2397 1365 2469 maximopere‘antea
1393 2415 1585 2468 pollebat.
1647 2415 1865 2455 Delatores
1892 2419 2068 2467 praemiis
2095 2416 2233 2455 eiicie-

157 2487 304 2527 bantur
347 2490 428 2528 vid.
463 2488 577 2528 Suet.
609 2490 703 2530 Tib.
729 2505 762 2530 c.
798 2493 867 2530 61.
946 2492 1159 2530 decreta
1205 2489 1609 2546 accusatoribus
1664 2491 1951 2540 praecipua
1995 2493 2234 2540 praemia

158 2572 522 2614 nonnunquam
569 2569 618 2602 et
665 2562 921 2603 testibus:
972 2564 1163 2605 nemini
1207 2562 1499 2604 delatorum
1551 2563 1693 2602 fides
1748 2562 2000 2615 abrogata
2020 2593 2031 2613 ‚
2102 2576 2234 2615 neque

159 2645 274 2672 suam
310 2647 444 2687 neque
478 2648 644 2675 suorum
677 2632 869 2688 injuriam
896 2636 1265 2690 persequebantur,
1312 2637 1384 2675 sed
1411 2635 1499 2675 sola
1526 2636 1681 2686 praemii
1709 2648 1804 2686 spe,
1848 2635 1937 2674 solo
1965 2635 2068 2674 lucri
2097 2649 2233 2676 amore

161 2713 232 2744 aut
260 2708 405 2758 gratiae
438 2709 625 2748 ineundae
661 2709 899 2749 deferebant
936 2723 1198 2763 quoscunque
1233 2724 1326 2750 reos
1361 2711 1411 2748 ad
1438 2710 1663 2759 principem
1700 2716 1770 2747 aut
1794 2711 2096 2760 magistratum,
2144 2723 2235 2748 nam

151 2786 262 2829 opes
297 2778 576 2823 damnatorum
609 2781 758 2833 partim
800 2780 900 2825 fiseo
945 2781 1236 2841 addicebantur
1275 2782 1422 2837 partim
1467 2779 1768 2822 accusatoribus
1811 2783 1976 2835 praemio
2023 2781 2231 2823 dabantur.
