2470 3202
1012 195 1414 238 ——20—

173 315 276 359 est,
315 308 528 350 fratrem
560 312 606 351 e'i
635 319 849 352 mortem
885 313 1167 362 attulisse3
1206 316 1544 367 praesertim,
1582 317 1718 368 quod
1743 317 1964 356 insidiis
1993 315 2051 356 ab
2079 328 2139 355 eo
2166 328 2257 369 pe·

174 384 307 421 titus
336 393 460 423 ante
499 387 696 436 fuerat,
738 386 837 425 alii
875 388 1051 427 morbo
1090 393 1409 429 exstinctum
1437 391 1664 428 tradunt.
1719 385 1875 437 Quu'm
1916 392 2049 428 enim
2089 390 2256 430 adhue

172 460 499 508 respiraret,
536 469 824 511 possetque
863 462 1042 500 forsan
1072 462 1477 510 convalescere,
1520 459 1859 500 Domitianus
1897 464 2057 512 ipsum
2095 464 2146 500 in
2174 476 2256 501 ar·

171 543 278 568 cam
313 530 519 581 pl'enam
559 534 701 571 nivis
737 536 998 583 conjecit,
1055 548 1150 586 quo
1190 535 1426 575 celerius
1464 543 1774 575 moreretur.
1850 535 1990 574 Aurei.
2017 536 2126 576 vict.
2154 534 2257 574 Caes.

175 605 337 643 10.11.
389 602 795 654 Amphitheatri
832 617 989 657 opere
1018 608 1281 657 perfeet0‚
1320 605 1601 658 lautusque
1639 618 1835 646 veneno
1873 599 2094 646 interiit.
2147 606 2257 659 lgi-

172 683 251 714 tur
288 676 626 716 Domitianus
652 679 852 717 ·sratris
889 688 1046 731 atque
1083 682 1427 731 imperatoris
1473 683 1665 730 optimi
1695 694 1851 728 nece,
1895 682 2108 729 privato
2145 693 2255 719 see·

171 748 286 789 lere
329 750 652 803 publicoque
693 755 981 803 amantior,
1037 755 1192 794 simul
1233 752 1530 793 macqusae
1568 752 1973 792 adolescentiae
2011 753 2252 804 praedas,

170 825 406 873 caedem,
446 824 708 876 suppiicia
747 840 909 877 agere
947 830 1136 877 eoepit.
1198 828 1338 877 Comp.
1365 826 1477 865 Suet.
1504 826 1654 865 Domit.
1683 832 1721 866 2.
1801 825 1976 877 Neque
2017 826 2255 866 cessavit

168 895 468 946 (Domitianus)
506 898 737 937 insidias
775 907 979 938 struere
1020 900 1177 939 fratri
1214 899 1342 939 clam
1378 897 1683 949 palamque:
1747 900 1913 950 quoad
1951 906 2254 949 correptum

166 971 317 1022 gravi
346 970 684 1021 valetudine,
714 975 1005 1023 priusquam
1033 971 1191 1024 plane
1220 971 1433 1011 efflaret
1460 973 1706 1021 animam,
1736 983 1826 1022 pro
1854 980 2051 1010 mortuo
2080 970 2255 1010 deseri

160 1044 329 1093 jussit
355 1045 435 1082 ὥσ.
466 1043 575 1083 Huic
602 1047 838 1095 sententiae,
868 1054 914 1083 ut
938 1046 1142 1085 Eusebius
1170 1045 1311 1093 tradit,
1342 1043 1418 1082 alii>
1441 1045 1659 1092 accedunt,
1690 1045 1788 1082 dicit
1815 1045 1943 1083 enimz
1996 1043 2061 1082 Ut
2083 1042 2254 1081 Grae·

167 1115 212 1155 ci
249 1123 491 1166 narrant,
528 1115 862 1157 Domitianus
901 1130 1012 1157 eum
1048 1130 1247 1158 veneno
1284 1116 1573 1156 interfecit.
1644 1116 1748 1155 Sunt
1774 1128 1958 1169 qnoque,
2006 1117 2077 1169 qui·
2102 1115 2252 1166 dicant,

167 1202 259 1228 eum
288 1191 537 1229 exstinctum
564 1189 690 1230 fuisse
718 1190 859 1241 lepore
888 1194 1068 1241 marino,
1098 1193 1148 1232 ef.
1168 1188 1438 1231 Phiiostratus
1460 1188 1639 1240 Apoll'o:
1663 1193 1704 1239 6,
1734 1193 1801 1230 32.
1854 1188 2081 1238 Eusebius,
2110 1187 2255 1228 Titum

165 1275 304 1301 musca
331 1264 374 1301 in
410 1262 625 1302 cerebrum
649 1265 953 1314 ejus>immissa
978 1266 1149 1315 periisse
1178 1264 1312 1303 refert.
1391 1261 1479 1302 Alii
1498 1275 1617 1301 ‚vero
1643 1265 1733 1312 ejus
1760 1270 1931 1301 mortem
1968 1260 2108 1301 morbo
2135 1262 2251 1301 attri-

132 1333 318 1386 dmum,
348 1336 429 1375 vid.
456 1336 625 1387 Eutrop.
655 1340 694 1387 7,
725 1341 792 1378 22.
846 1338 941 1377 Per
969 1336 1101 1377 haee
1122 1338 1380 1377 inusitato
1407 1337 1589 1376 favore
1618 1324 1850 1375 dilectus
1877 1334 2057 1375 morbo>
2079 1336 2251 1387 periit.

164 1407 308 1448 Aurei.
335 1408 483 1449 victoi-
521 1410 619 1460 epit.
650 1412 715 1449 ΪΟ.
776 1409 917 1461 Apud
953 1409 1184 1448 Sabinos
1211 1409 1352 1449 febri
1387 1410 1555 1448 interiit.
1609 1408 1721 1448 Suet.
1748 1408 1833 1448 Tit.
1860 1421 1893 1447 o.
1925 1412 1989 1449 10.
2050 1407 2250 1448 Febrim

165 1488 349 1521 noetus
384 1483 459 1521 deo.
520 1482 763 1522 Plutarchus
801 1484 1038 1523 demenda
1075 1485 1271 1534 sanitate,
1323 1482 1462 1523 Titum
1499 1484 1607 1522 inter
1635 1481 1706 1522 eos
1733 1482 1881 1532 refert,
1919 1495 2026 1533 quos
2057 1481 2251 1521 balneum

163 1555 366 1607 perdidit,
412 1561 453 1594 et
481 1555 548 1606 qui
571 1556 661 1606 jam
688 1554 821 1595 cibum
857 1568 1004 1607 capere
1041 1569 1123 1596 non
1157 1564 1349 1610 possunt,
1393 1557 1473 1596 nisi
1500 1555 1588 1595 loti.
1650 1555 1928 1599 Inconstantia
1964 1554 2251 1597 historicorum

162 1627 368 1682 superflue
397 1628 597 1678 ostendit,
627 1627 739 1667 nihil'
759 1630 858 1667 certi
887 1630 936 1668 d'e
965 1631 1056 1680 ejus
1082 1619 1212 1669 morte
1240 1632 1282 1670 in
1310 1629 1457 1683 vul'gus
1485 1642 1711 1680 emanasse,
1741 1629 1814 1668 sed
1840 1627 1952 1668 haud
1974 1628 2128 1680 iniuria
2154 1639 2251 1668 eon-

157 1704 292 1753 jicere
319 1714 558 1752 possumus,
595 1703 758 1750 imperii
787 1704 971 1752 cupidum
1001 1702 1281 1742 Domitianum
1310 1715 1402 1741 eum
1429 1704 1700 1741 interfecisse.

297 1775 419 1817 Titus
446 1782 629 1814 mortuus
657 1782 720 1814 est
747 1774 886 1815 Idibus
908 1775 1161 1827 Septembris
1190 1778 1274 1817 834
1303 1789 1340 1815 a.
1366 1790 1412 1815 u.
1431 1789 1465 1815 o.
1488 1778 1541 1816 81
1570 1788 1609 1827 p.
1633 1774 1708 1815 Ch.
1734 1776 2003 1828 regnavitque
2030 1775 2155 1828 igitur
2177 1774 2249 1816 du·

164 1861 211 1889 os
239 1861 398 1900 annos,
438 1848 540 1887 duos
568 1858 731 1886 menses
759 1854 801 1885 et
828 1848 979 1900 viginti
1004 1849 1115 1899 dies,
1157 1861 1244 1901 quie
1278 1860 1382 1889 vera
1405 1855 1468 1887 est
1494 1849 1623 1899 ratio,
1670 1861 1792 1900 quum
1818 1847 2100 1898 Vespasianus
2129 1849 2165 1888 d.
2191 1852 2249 1891 23

163 1924 257 1963 Jun.
285 1920 371 1962 832
397 1921 520 1960 Titus
557 1910 658 1958 vero
687 1921 723 1958 δ’.
755 1923 805 1959 13
835 1921 948 1972 Sept.
976 1926 1060 1961 834
1095 1921 1255 1960 obierit.
1290 1923 1373 1960 vid.
1399 1921 1561 1970 Xiphii.
1590 1924 1670 1969 66,
1711 1925 1776 1961 18.
1854 1920 1976 1959 Nam
2012 1922 2073 1960 ab
2108 1924 2248 1960 inito

165 1996 385 2047 imperio
421 1994 563 2033 vixit
609 1991 873 2032 biennium
913 2007 975 2033 ae
1004 2007 1206 2034 meuses
1246 1995 1372 2034 duos
1410 2001 1459 2033 et
1506 1993 1703 2046 viginti
1742 1994 1863 2033 dies.
1924 1994 2055 2034 Eund‘.
2081 1997 2151 2046 66,
2180 1998 2249 2036 26.
2306 2012 2310 2018 ,

165 2068 426 2122 Regnavit
461 2077 625 2106 annos
661 2066 819 2117 duos,
868 2079 1068 2107 menses
1105 2068 1251 2116 duos,
1289 2067 1396 2106 dies
1430 2067 1636 2119 viginti.
1688 2065 1801 2105 Suet.
1828 2066 1912 2105 Tit.
1940 2080 1973 2105 ez
2003 2071 2069 2108 11.
2147 2068 2250 2108 Ex·

164 2143 325 2182 cessit
366 2139 545 2180 Idibus
579 2138 902 2189 Septembris
942 2148 1059 2190 post
1103 2139 1367 2178 biennium
1414 2152 1469 2179 ac
1513 2151 1714 2177 menses
1757 2139 1881 2177 duo-s
1923 2139 2133 2192 diesque
2169 2142 2249 2179 vi-

164 2218 322 2269 ginti,
368 2227 516 2267 quam·
549 2221 883 2253 successerat
918 2216 1072 2264 patri.
1153 2212 1293 2253 Aurel.
1329 2213 1439 2254 Vict.
1482 2214 1580 2264 epit.
1626 2216 1691 2253 10.
1769 2211 1927 2252 Titus
1962 2214 2256 2265 imperavit·
2305 2250 2314 2256 .

165 2302 333 2331 annos
372 2289 500 2329 duos
535 2294 586 2327 et
619 2300 827 2328 menses
865 2288 992 2329 duos
1025 2289 1251 2340 diesque
1289 2287 1505 2339 viginti.
1567 2286 1789 2336 Eutropius
1819 2288 1858 2336 7,
1888 2285 2247 2329 22-biennium

166 2371 280 2403 octo
317 2373 530 2399 menses
557 2366 609 2397 et
645 2361 850 2412 viginti
881 2362 991 2399 d‘ies
1028 2369 1080 2399 et
1115 2359 1256 2399 Aurei.
1281 2360 1391 2399 viet.
1419 2359 1522 2398 Caes.
1552 2363 1616 2399 ῘΟ.
1650 2358 1859 2396 biennium
1896 2367 1940 2396 et
1975 2358 2062 2400 fere
2098 2372 2250 2401 novem

164 2450 326 2478 menses
355 2447 447 2473 eum
474 2434 699 2484 imperasse
727 2433 904 2483 tradunt,
934 2433 1012 2473 hoc
1038 2420 1174 2473 autern
1202 2430 1348 2470 falsum
1375 2446 1467 2471 esse
1495 2445 1549 2472 ex
1578 2432 1696 2470 dictis
1723 2439 1852 2482 patet.

296 2507 361 2550 De
389 2506 522 2546 mtatis
549 2518 658 2546 amo
685 2506 794 2545 inter
820 2519 864 2545 se
893 2507 1126 2558 discrepant
1152 2508 1384 2558 scriptores.
1410 2507 1493 2547 vid.
1519 2506 1632 2559 Suet.
1658 2504 1743 2546 Tit.
1774 2509 1839 2547 11.
1890 2491 2136 2547 Excessit
2172 2506 2247 2548 ai·

166 2588 278 2621 tero
315 2587 365 2619 et
400 2578 797 2634 quadragesimo
837 2580 1029 2618 aetatis
1057 2592 1202 2619 anuo.
1254 2582 1422 2632 Eutrop.
1452 2584 1491 2632 7,
1520 2583 1589 2621 22.
1642 2579 1814 2619 Periit
1838 2576 2014 2619 mbrbo
2049 2582 2247 2622 aetatis

165 2666 297 2695 anno
336 2651 505 2691 altero
544 2658 593 2689 et
628 2651 1037 2703 quadragesimo.
1089 2652 1231 2692 Aurei.
1257 2655 1369 2694 vict.
1396 2656 1493 2704 epit.
1523 2657 1587 2694 10.
1640 2652 1795 2693 Vixit
1830 2666 1992 2692 annos
2029 2654 2246 2704 quadra·-

163 2729 311 2783 ginta
345 2738 504 2764 tinum.
564 2721 695 2774 Xiph.
723 2725 802 2774 66,
835 2728 903 2766 18.
979 2724 1102 2765 Nam
1139 2724 1200 2764 ab
1236 2727 1377 2765 inito·
1405 2725 1628 2776 imperio
1664 2725 1809 2765 vixit
1852 2724 2144 2777 biennium,
2189 2739 2248 2768 ιο

164 2813 371 2844 meuses
399 2799 525 2840 duo·
559 2804 611 2837 et
645 2797 845 2850 viginti
877 2799 1015 2851 dies,
1050 2807 1204 2840 natus
1239 2813 1409 2842 annuos
1441 2811 1630 2842 novem
1660 2811 1727 2841 ae
1754 2798 1994 2854 triginta
2021 2806 2071 2839 et
2097 2800 2248 2854 quin·-
