<?xml version="1.0" encoding="UTF-8"?>
<!DOCTYPE html PUBLIC "-//W3C//DTD XHTML 1.0 Transitional//EN"
    "http://www.w3.org/TR/xhtml1/DTD/xhtml1-transitional.dtd">
<html xmlns="http://www.w3.org/1999/xhtml" xml:lang="en" lang="en">
 <head>
  <title>
</title>
<meta http-equiv="Content-Type" content="text/html;charset=utf-8" />
  <meta name='ocr-system' content='tesseract 3.04.00' />
  <meta name='ocr-capabilities' content='ocr_page ocr_carea ocr_par ocr_line ocrx_word'/>
</head>
<body>
  <div class='ocr_page' id='page_1' title='image "4773726_0009.png"; bbox 0 0 2470 3202; ppageno 0'>
   <div class='ocr_carea' id='block_1_1' title="bbox 285 849 1923 930">
    <p class='ocr_par' dir='ltr' id='par_1_1' title="bbox 285 849 1923 930">
     <span class='ocr_line' id='line_1_1' title="bbox 285 849 1923 930; baseline 0.001 -20"><span class='ocrx_word' id='word_1_1' title='bbox 285 882 304 889; x_wconf 77' lang='grc'><em>·</em></span> <span class='ocrx_word' id='word_1_2' title='bbox 404 860 521 911; x_wconf 86' lang='lat' dir='ltr'><strong>Titi</strong></span> <span class='ocrx_word' id='word_1_3' title='bbox 546 853 737 912; x_wconf 80' lang='lat' dir='ltr'><strong>&#39;Flavi-i</strong></span> <span class='ocrx_word' id='word_1_4' title='bbox 773 851 1101 929; x_wconf 28' lang='lat' dir='ltr'><strong>Vespasiani*</strong></span> <span class='ocrx_word' id='word_1_5' title='bbox 1137 859 1373 912; x_wconf 88' lang='lat' dir='ltr'><strong>Romani</strong></span> <span class='ocrx_word' id='word_1_6' title='bbox 1409 849 1753 930; x_wconf 68' lang='lat' dir='ltr'><strong>imperatoris</strong></span> <span class='ocrx_word' id='word_1_7' title='bbox 1791 862 1923 914; x_wconf 80' lang='lat' dir='ltr'><strong>vita.</strong></span> 
     </span>
    </p>
   </div>
   <div class='ocr_carea' id='block_1_2' title="bbox 145 1002 2216 1309">
    <p class='ocr_par' dir='ltr' id='par_1_2' title="bbox 145 1002 2216 1309">
     <span class='ocr_line' id='line_1_2' title="bbox 147 1002 2213 1090; baseline -0.001 -15"><span class='ocrx_word' id='word_1_8' title='bbox 147 1002 451 1085; x_wconf 48' lang='lat' dir='ltr'><strong>Urbs&#39;Roma,</strong></span> <span class='ocrx_word' id='word_1_9' title='bbox 479 1045 566 1086; x_wconf 83' lang='lat' dir='ltr'><strong>qnae</strong></span> <span class='ocrx_word' id='word_1_10' title='bbox 594 1048 619 1074; x_wconf 83' lang='lat' dir='ltr'>a</span> <span class='ocrx_word' id='word_1_11' title='bbox 641 1034 813 1074; x_wconf 89' lang='lat' dir='ltr'><strong>Romulo</strong></span> <span class='ocrx_word' id='word_1_12' title='bbox 842 1043 882 1073; x_wconf 84' lang='lat' dir='ltr'><strong>et</strong></span> <span class='ocrx_word' id='word_1_13' title='bbox 901 1034 1027 1073; x_wconf 83' lang='lat' dir='ltr'><strong>Remo</strong></span> <span class='ocrx_word' id='word_1_14' title='bbox 1054 1033 1246 1090; x_wconf 67' lang='lat' dir='ltr'><strong>fratribus</strong></span> <span class='ocrx_word' id='word_1_15' title='bbox 1273 1036 1433 1074; x_wconf 74' lang='lat' dir='ltr'><strong>condita</strong></span> <span class='ocrx_word' id='word_1_16' title='bbox 1461 1037 1619 1086; x_wconf 86' lang='lat' dir='ltr'><strong>dicitur,</strong></span> <span class='ocrx_word' id='word_1_17' title='bbox 1648 1035 1699 1074; x_wconf 75' lang='lat' dir='ltr'><strong>ab</strong></span> <span class='ocrx_word' id='word_1_18' title='bbox 1726 1037 1843 1075; x_wconf 89' lang='lat' dir='ltr'><strong>initio</strong></span> <span class='ocrx_word' id='word_1_19' title='bbox 1870 1036 2005 1086; x_wconf 80' lang='lat' dir='ltr'><strong>paruit</strong></span> <span class='ocrx_word' id='word_1_20' title='bbox 2032 1033 2213 1085; x_wconf 80' lang='lat' dir='ltr'><strong>regibus,</strong></span> 
     </span>
     <span class='ocr_line' id='line_1_3' title="bbox 147 1105 2215 1160; baseline 0.001 -15"><span class='ocrx_word' id='word_1_21' title='bbox 147 1109 215 1159; x_wconf 85' lang='lat' dir='ltr'><strong>qui</strong></span> <span class='ocrx_word' id='word_1_22' title='bbox 244 1114 285 1145; x_wconf 85' lang='lat' dir='ltr'><strong>et</strong></span> <span class='ocrx_word' id='word_1_23' title='bbox 312 1106 435 1145; x_wconf 88' lang='lat' dir='ltr'><strong>bellis</strong></span> <span class='ocrx_word' id='word_1_24' title='bbox 463 1114 503 1144; x_wconf 90' lang='lat' dir='ltr'><strong>et</strong></span> <span class='ocrx_word' id='word_1_25' title='bbox 530 1105 690 1159; x_wconf 74' lang='lat' dir='ltr'><strong>legibus</strong></span> <span class='ocrx_word' id='word_1_26' title='bbox 717 1120 805 1145; x_wconf 85' lang='lat' dir='ltr'><strong>eam</strong></span> <span class='ocrx_word' id='word_1_27' title='bbox 835 1106 1089 1158; x_wconf 78' lang='lat' dir='ltr'><strong>ampliarunt.</strong></span> <span class='ocrx_word' id='word_1_28' title='bbox 1141 1106 1321 1160; x_wconf 85' lang='lat' dir='ltr'><strong>Regibus</strong></span> <span class='ocrx_word' id='word_1_29' title='bbox 1349 1108 1529 1159; x_wconf 85' lang='lat' dir='ltr'><strong>expulsis</strong></span> <span class='ocrx_word' id='word_1_30' title='bbox 1556 1110 1763 1148; x_wconf 87' lang='lat' dir='ltr'><strong>institutus</strong></span> <span class='ocrx_word' id='word_1_31' title='bbox 1791 1117 1854 1147; x_wconf 86' lang='lat' dir='ltr'><strong>est</strong></span> <span class='ocrx_word' id='word_1_32' title='bbox 1880 1106 2115 1147; x_wconf 82' lang='lat' dir='ltr'><strong>consulatus</strong></span> <span class='ocrx_word' id='word_1_33' title='bbox 2142 1119 2215 1158; x_wconf 79' lang='lat' dir='ltr'><strong>per</strong></span> 
     </span>
     <span class='ocr_line' id='line_1_4' title="bbox 145 1164 2215 1232; baseline -0.001 -12"><span class='ocrx_word' id='word_1_34' title='bbox 145 1179 337 1229; x_wconf 84' lang='lat' dir='ltr'><strong>Brutum,</strong></span> <span class='ocrx_word' id='word_1_35' title='bbox 384 1181 462 1218; x_wconf 87' lang='lat' dir='ltr'><strong>duo</strong></span> <span class='ocrx_word' id='word_1_36' title='bbox 490 1179 677 1218; x_wconf 89' lang='lat' dir='ltr'><strong>consules</strong></span> <span class='ocrx_word' id='word_1_37' title='bbox 705 1194 760 1219; x_wconf 90' lang='lat' dir='ltr'><strong>ex</strong></span> <span class='ocrx_word' id='word_1_38' title='bbox 786 1182 969 1230; x_wconf 82' lang='lat' dir='ltr'><strong>patriciis</strong></span> <span class='ocrx_word' id='word_1_39' title='bbox 996 1176 1121 1218; x_wconf 76' lang='lat' dir='ltr'><strong>creati</strong></span> <span class='ocrx_word' id='word_1_40' title='bbox 1148 1180 1379 1230; x_wconf 76' lang='lat' dir='ltr'><strong>reipublicae</strong></span> <span class='ocrx_word' id='word_1_41' title='bbox 1412 1183 1624 1232; x_wconf 85' lang='lat' dir='ltr'><strong>praefuere.</strong></span> <span class='ocrx_word' id='word_1_42' title='bbox 1677 1164 2050 1232; x_wconf 56' lang='lat' dir='ltr'><strong>DumJespublica</strong></span> <span class='ocrx_word' id='word_1_43' title='bbox 2086 1180 2215 1218; x_wconf 84' lang='lat' dir='ltr'><strong>conti·</strong></span> 
     </span>
     <span class='ocr_line' id='line_1_5' title="bbox 146 1238 2216 1309; baseline -0.002 -15"><span class='ocrx_word' id='word_1_44' title='bbox 146 1254 239 1294; x_wconf 86' lang='lat' dir='ltr'><strong>nuis</strong></span> <span class='ocrx_word' id='word_1_45' title='bbox 266 1251 386 1293; x_wconf 84' lang='lat' dir='ltr'><strong>bellis</strong></span> <span class='ocrx_word' id='word_1_46' title='bbox 406 1239 608 1293; x_wconf 41' lang='lat' dir='ltr'><strong>&#39;externos</strong></span> <span class='ocrx_word' id='word_1_47' title='bbox 627 1252 740 1309; x_wconf 23' lang='lat' dir='ltr'><strong>‘fines</strong></span> <span class='ocrx_word' id='word_1_48' title='bbox 768 1262 809 1293; x_wconf 92' lang='lat' dir='ltr'><strong>et</strong></span> <span class='ocrx_word' id='word_1_49' title='bbox 835 1238 1046 1304; x_wconf 78' lang='lat' dir='ltr'><strong>imperium</strong></span> <span class='ocrx_word' id='word_1_50' title='bbox 1074 1256 1335 1306; x_wconf 78' lang='lat' dir='ltr'><strong>propagavit,</strong></span> <span class='ocrx_word' id='word_1_51' title='bbox 1380 1257 1539 1295; x_wconf 88' lang='lat' dir='ltr'><strong>interna</strong></span> <span class='ocrx_word' id='word_1_52' title='bbox 1574 1249 1796 1294; x_wconf 66' lang='lat' dir='ltr'><strong>certamfna</strong></span> <span class='ocrx_word' id='word_1_53' title='bbox 1822 1256 1930 1293; x_wconf 84' lang='lat' dir='ltr'><strong>inter</strong></span> <span class='ocrx_word' id='word_1_54' title='bbox 1955 1255 2148 1303; x_wconf 72' lang='lat' dir='ltr'><strong>patricio·</strong></span> <span class='ocrx_word' id='word_1_55' title='bbox 2175 1260 2216 1289; x_wconf 90' lang='lat' dir='ltr'><strong>et</strong></span> 
     </span>
    </p>
   </div>
   <div class='ocr_carea' id='block_1_3' title="bbox 125 1315 2217 1381">
    <p class='ocr_par' dir='ltr' id='par_1_3' title="bbox 125 1315 2217 1381">
     <span class='ocr_line' id='line_1_6' title="bbox 125 1315 2217 1381; baseline 0.001 -17"><span class='ocrx_word' id='word_1_56' title='bbox 125 1325 333 1378; x_wconf 66' lang='lat' dir='ltr'><strong>¹‘plebejos</strong></span> <span class='ocrx_word' id='word_1_57' title='bbox 361 1337 450 1364; x_wconf 80' lang='lat' dir='ltr'><strong>eam</strong></span> <span class='ocrx_word' id='word_1_58' title='bbox 479 1324 713 1377; x_wconf 81' lang='lat' dir='ltr'><strong>turbarunt,</strong></span> <span class='ocrx_word' id='word_1_59' title='bbox 752 1315 881 1366; x_wconf 73' lang='lat' dir='ltr'><strong>donec</strong></span> <span class='ocrx_word' id='word_1_60' title='bbox 907 1332 1076 1379; x_wconf 83' lang='lat' dir='ltr'><strong>utraque</strong></span> <span class='ocrx_word' id='word_1_61' title='bbox 1102 1337 1198 1377; x_wconf 82' lang='lat' dir='ltr'><strong>pars</strong></span> <span class='ocrx_word' id='word_1_62' title='bbox 1223 1338 1335 1379; x_wconf 83' lang='lat' dir='ltr'><strong>paene</strong></span> <span class='ocrx_word' id='word_1_63' title='bbox 1362 1328 1505 1369; x_wconf 88' lang='lat' dir='ltr'><strong>iisdem</strong></span> <span class='ocrx_word' id='word_1_64' title='bbox 1528 1316 1690 1381; x_wconf 79' lang='lat' dir='ltr'><strong>juribus</strong></span> <span class='ocrx_word' id='word_1_65' title='bbox 1716 1327 1929 1368; x_wconf 83' lang='lat' dir='ltr'><strong>frueretur.</strong></span> <span class='ocrx_word' id='word_1_66' title='bbox 1980 1323 2098 1367; x_wconf 65' lang='lat' dir='ltr'>Bona</span> <span class='ocrx_word' id='word_1_67' title='bbox 2126 1338 2217 1366; x_wconf 86' lang='lat' dir='ltr'><strong>cum</strong></span> 
     </span>
    </p>
   </div>
   <div class='ocr_carea' id='block_1_4' title="bbox 147 1399 2221 2845">
    <p class='ocr_par' dir='ltr' id='par_1_4' title="bbox 147 1399 2221 2845">
     <span class='ocr_line' id='line_1_7' title="bbox 149 1399 2216 1456; baseline -0.001 -18"><span class='ocrx_word' id='word_1_68' title='bbox 149 1401 331 1439; x_wconf 78' lang='lat' dir='ltr'><strong>externis</strong></span> <span class='ocrx_word' id='word_1_69' title='bbox 358 1399 519 1450; x_wconf 87' lang='lat' dir='ltr'><strong>populis</strong></span> <span class='ocrx_word' id='word_1_70' title='bbox 554 1402 753 1451; x_wconf 84' lang='lat' dir='ltr'><strong>praecipue</strong></span> <span class='ocrx_word' id='word_1_71' title='bbox 782 1414 871 1439; x_wconf 89' lang='lat' dir='ltr'><strong>cum</strong></span> <span class='ocrx_word' id='word_1_72' title='bbox 899 1401 1033 1439; x_wconf 85' lang='lat' dir='ltr'><strong>Poenis</strong></span> <span class='ocrx_word' id='word_1_73' title='bbox 1060 1400 1248 1451; x_wconf 76' lang='lat' dir='ltr'><strong>Asiaeque</strong></span> <span class='ocrx_word' id='word_1_74' title='bbox 1285 1402 1428 1456; x_wconf 81' lang='lat' dir='ltr'><strong>incolis</strong></span> <span class='ocrx_word' id='word_1_75' title='bbox 1463 1410 1581 1454; x_wconf 80' lang='lat' dir='ltr'><strong>gesta</strong></span> <span class='ocrx_word' id='word_1_76' title='bbox 1608 1404 1827 1440; x_wconf 80' lang='lat' dir='ltr'><strong>immensas</strong></span> <span class='ocrx_word' id='word_1_77' title='bbox 1855 1403 2019 1439; x_wconf 82' lang='lat' dir='ltr'><strong>divitias</strong></span> <span class='ocrx_word' id='word_1_78' title='bbox 2046 1400 2216 1438; x_wconf 77' lang='lat' dir='ltr'><strong>Romam</strong></span> 
     </span>
     <span class='ocr_line' id='line_1_8' title="bbox 150 1458 2218 1527; baseline 0 -15"><span class='ocrx_word' id='word_1_79' title='bbox 150 1470 352 1523; x_wconf 82' lang='lat' dir='ltr'><strong>tulerunt,</strong></span> <span class='ocrx_word' id='word_1_80' title='bbox 394 1458 545 1525; x_wconf 83' lang='lat' dir='ltr'><strong>singuli</strong></span> <span class='ocrx_word' id='word_1_81' title='bbox 567 1473 688 1512; x_wconf 90' lang='lat' dir='ltr'><strong>duces</strong></span> <span class='ocrx_word' id='word_1_82' title='bbox 717 1473 898 1513; x_wconf 87' lang='lat' dir='ltr'><strong>victoriis</strong></span> <span class='ocrx_word' id='word_1_83' title='bbox 927 1471 1149 1524; x_wconf 87' lang='lat' dir='ltr'><strong>opibusque</strong></span> <span class='ocrx_word' id='word_1_84' title='bbox 1170 1474 1267 1514; x_wconf 81' lang='lat' dir='ltr'><strong>elati</strong></span> <span class='ocrx_word' id='word_1_85' title='bbox 1296 1487 1373 1527; x_wconf 86' lang='lat' dir='ltr'><strong>prae</strong></span> <span class='ocrx_word' id='word_1_86' title='bbox 1401 1477 1549 1515; x_wconf 82' lang='lat' dir='ltr'><strong>ceteris</strong></span> <span class='ocrx_word' id='word_1_87' title='bbox 1574 1477 1758 1526; x_wconf 79' lang='lat' dir='ltr'><strong>potentia</strong></span> <span class='ocrx_word' id='word_1_88' title='bbox 1784 1474 2089 1523; x_wconf 85' lang='lat' dir='ltr'><strong>excelluerunt,</strong></span> <span class='ocrx_word' id='word_1_89' title='bbox 2134 1486 2218 1513; x_wconf 81' lang='lat' dir='ltr'><strong>mo·</strong></span> 
     </span>
     <span class='ocr_line' id='line_1_9' title="bbox 147 1531 2217 1606; baseline 0 -21"><span class='ocrx_word' id='word_1_90' title='bbox 147 1559 214 1588; x_wconf 79' lang='lat' dir='ltr'><strong>res</strong></span> <span class='ocrx_word' id='word_1_91' title='bbox 241 1545 446 1598; x_wconf 80' lang='lat' dir='ltr'><strong>simplices</strong></span> <span class='ocrx_word' id='word_1_92' title='bbox 472 1547 672 1598; x_wconf 79' lang='lat' dir='ltr'><strong>majorum</strong></span> <span class='ocrx_word' id='word_1_93' title='bbox 707 1545 1005 1606; x_wconf 79' lang='lat' dir='ltr'><strong>perdebantur,</strong></span> <span class='ocrx_word' id='word_1_94' title='bbox 1052 1547 1274 1586; x_wconf 83' lang='lat' dir='ltr'><strong>seditiones</strong></span> <span class='ocrx_word' id='word_1_95' title='bbox 1302 1549 1468 1587; x_wconf 84' lang='lat' dir='ltr'><strong>internae</strong></span> <span class='ocrx_word' id='word_1_96' title='bbox 1495 1555 1589 1587; x_wconf 90' lang='lat' dir='ltr'><strong>sunt</strong></span> <span class='ocrx_word' id='word_1_97' title='bbox 1625 1554 1735 1586; x_wconf 82' lang='lat' dir='ltr'><strong>ortae.</strong></span> <span class='ocrx_word' id='word_1_98' title='bbox 1795 1531 1946 1587; x_wconf 78' lang='lat' dir='ltr'><strong>Civilia</strong></span> <span class='ocrx_word' id='word_1_99' title='bbox 1975 1545 2084 1586; x_wconf 84' lang='lat' dir='ltr'><strong>bella</strong></span> <span class='ocrx_word' id='word_1_100' title='bbox 2110 1548 2217 1586; x_wconf 87' lang='lat' dir='ltr'><strong>inter</strong></span> 
     </span>
     <span class='ocr_line' id='line_1_10' title="bbox 150 1618 2218 1672; baseline -0.002 -11"><span class='ocrx_word' id='word_1_101' title='bbox 150 1618 395 1672; x_wconf 71' lang='lat' dir='ltr'><strong>Marium-et</strong></span> <span class='ocrx_word' id='word_1_102' title='bbox 421 1619 591 1670; x_wconf 84' lang='lat' dir='ltr'><strong>Sullam,</strong></span> <span class='ocrx_word' id='word_1_103' title='bbox 630 1620 822 1659; x_wconf 86' lang='lat' dir='ltr'><strong>tumultus</strong></span> <span class='ocrx_word' id='word_1_104' title='bbox 850 1619 1071 1659; x_wconf 67' lang='lat' dir='ltr'><strong>a&#39;Tiberio</strong></span> <span class='ocrx_word' id='word_1_105' title='bbox 1102 1628 1142 1658; x_wconf 90' lang='lat' dir='ltr'><strong>et</strong></span> <span class='ocrx_word' id='word_1_106' title='bbox 1170 1620 1273 1672; x_wconf 87' lang='lat' dir='ltr'><strong>Cajo</strong></span> <span class='ocrx_word' id='word_1_107' title='bbox 1303 1619 1471 1660; x_wconf 85' lang='lat' dir='ltr'><strong>Graecho</strong></span> <span class='ocrx_word' id='word_1_108' title='bbox 1498 1622 1613 1671; x_wconf 86' lang='lat' dir='ltr'><strong>moti,</strong></span> <span class='ocrx_word' id='word_1_109' title='bbox 1642 1619 1830 1659; x_wconf 78' lang='lat' dir='ltr'><strong>Catilinae</strong></span> <span class='ocrx_word' id='word_1_110' title='bbox 1858 1621 2086 1671; x_wconf 82' lang='lat' dir='ltr'><strong>conjuratio</strong></span> <span class='ocrx_word' id='word_1_111' title='bbox 2114 1620 2218 1669; x_wconf 88' lang='lat' dir='ltr'><strong>opti-</strong></span> 
     </span>
     <span class='ocr_line' id='line_1_11' title="bbox 150 1689 2216 1747; baseline -0.001 -15"><span class='ocrx_word' id='word_1_112' title='bbox 150 1703 214 1732; x_wconf 84' lang='lat' dir='ltr'><strong>me</strong></span> <span class='ocrx_word' id='word_1_113' title='bbox 249 1694 491 1743; x_wconf 81' lang='lat' dir='ltr'><strong>ostendunt,</strong></span> <span class='ocrx_word' id='word_1_114' title='bbox 539 1705 719 1747; x_wconf 80' lang='lat' dir='ltr'><strong>quaenam</strong></span> <span class='ocrx_word' id='word_1_115' title='bbox 757 1692 988 1744; x_wconf 71' lang='lat' dir='ltr'><strong>reipublicae</strong></span> <span class='ocrx_word' id='word_1_116' title='bbox 1017 1692 1209 1733; x_wconf 77' lang='lat' dir='ltr'>Romanae</span> <span class='ocrx_word' id='word_1_117' title='bbox 1245 1695 1421 1732; x_wconf 86' lang='lat' dir='ltr'><strong>conditio</strong></span> <span class='ocrx_word' id='word_1_118' title='bbox 1456 1692 1592 1733; x_wconf 85' lang='lat' dir='ltr'><strong>fuerit.</strong></span> <span class='ocrx_word' id='word_1_119' title='bbox 1652 1689 1803 1733; x_wconf 81' lang='lat' dir='ltr'><strong>Literae</strong></span> <span class='ocrx_word' id='word_1_120' title='bbox 1837 1695 1998 1744; x_wconf 87' lang='lat' dir='ltr'><strong>quidem</strong></span> <span class='ocrx_word' id='word_1_121' title='bbox 2027 1702 2216 1743; x_wconf 77' lang='lat' dir='ltr'><strong>artesque</strong></span> 
     </span>
     <span class='ocr_line' id='line_1_12' title="bbox 154 1756 2217 1820; baseline -0 -14"><span class='ocrx_word' id='word_1_122' title='bbox 154 1764 303 1806; x_wconf 74' lang='lat' dir='ltr'><strong>florere</strong></span> <span class='ocrx_word' id='word_1_123' title='bbox 330 1773 561 1819; x_wconf 78' lang='lat' dir='ltr'><strong>coeperunt,</strong></span> <span class='ocrx_word' id='word_1_124' title='bbox 597 1765 747 1820; x_wconf 78' lang='lat' dir='ltr'><strong>singuli</strong></span> <span class='ocrx_word' id='word_1_125' title='bbox 774 1768 875 1818; x_wconf 79' lang='lat' dir='ltr'><strong>viri,</strong></span> <span class='ocrx_word' id='word_1_126' title='bbox 912 1756 1115 1806; x_wconf 78' lang='lat' dir='ltr'><strong>libertatis</strong></span> <span class='ocrx_word' id='word_1_127' title='bbox 1143 1779 1279 1807; x_wconf 83' lang='lat' dir='ltr'><strong>amore</strong></span> <span class='ocrx_word' id='word_1_128' title='bbox 1305 1768 1510 1820; x_wconf 78' lang='lat' dir='ltr'><strong>insignes,</strong></span> <span class='ocrx_word' id='word_1_129' title='bbox 1547 1766 1688 1819; x_wconf 78' lang='lat' dir='ltr'><strong>quales</strong></span> <span class='ocrx_word' id='word_1_130' title='bbox 1715 1766 1877 1806; x_wconf 88' lang='lat' dir='ltr'><strong>fuerunt</strong></span> <span class='ocrx_word' id='word_1_131' title='bbox 1905 1765 2031 1813; x_wconf 74' lang='lat' dir='ltr'><strong>cato,</strong></span> <span class='ocrx_word' id='word_1_132' title='bbox 2069 1765 2217 1805; x_wconf 80' lang='lat' dir='ltr'><strong>Cicero</strong></span> 
     </span>
     <span class='ocr_line' id='line_1_13' title="bbox 153 1838 2218 1893; baseline 0.001 -16"><span class='ocrx_word' id='word_1_133' title='bbox 153 1838 305 1891; x_wconf 79' lang='lat' dir='ltr'><strong>aliique</strong></span> <span class='ocrx_word' id='word_1_134' title='bbox 332 1839 562 1879; x_wconf 81' lang='lat' dir='ltr'><strong>libertatem</strong></span> <span class='ocrx_word' id='word_1_135' title='bbox 590 1839 795 1879; x_wconf 80' lang='lat' dir='ltr'><strong>labantem</strong></span> <span class='ocrx_word' id='word_1_136' title='bbox 832 1842 995 1893; x_wconf 87' lang='lat' dir='ltr'><strong>quidem</strong></span> <span class='ocrx_word' id='word_1_137' title='bbox 1022 1840 1265 1892; x_wconf 81' lang='lat' dir='ltr'><strong>aliquamdiu</strong></span> <span class='ocrx_word' id='word_1_138' title='bbox 1295 1842 1592 1890; x_wconf 89' lang='lat' dir='ltr'><strong>sustinuerunt,</strong></span> <span class='ocrx_word' id='word_1_139' title='bbox 1629 1841 1815 1879; x_wconf 87' lang='lat' dir='ltr'><strong>sed-cum</strong></span> <span class='ocrx_word' id='word_1_140' title='bbox 1845 1838 2039 1889; x_wconf 80' lang='lat' dir='ltr'><strong>Crassus,</strong></span> <span class='ocrx_word' id='word_1_141' title='bbox 2080 1839 2218 1879; x_wconf 68' lang='lat' dir='ltr'><strong>Caesar</strong></span> 
     </span>
     <span class='ocr_line' id='line_1_14' title="bbox 151 1901 2219 1965; baseline -0.001 -12"><span class='ocrx_word' id='word_1_142' title='bbox 151 1901 272 1965; x_wconf 78' lang='lat' dir='ltr'><strong>atque</strong></span> <span class='ocrx_word' id='word_1_143' title='bbox 291 1913 510 1965; x_wconf 73' lang='lat' dir='ltr'><strong>pompejus</strong></span> <span class='ocrx_word' id='word_1_144' title='bbox 536 1915 748 1965; x_wconf 87' lang='lat' dir='ltr'><strong>imperium</strong></span> <span class='ocrx_word' id='word_1_145' title='bbox 770 1914 961 1953; x_wconf 80' lang='lat' dir='ltr'><strong>Romanae</strong></span> <span class='ocrx_word' id='word_1_146' title='bbox 989 1907 1188 1965; x_wconf 73' lang='lat' dir='ltr'><strong>civitatis,</strong></span> <span class='ocrx_word' id='word_1_147' title='bbox 1217 1924 1304 1965; x_wconf 86' lang='lat' dir='ltr'><strong>quae</strong></span> <span class='ocrx_word' id='word_1_148' title='bbox 1331 1926 1442 1963; x_wconf 82' lang='lat' dir='ltr'><strong>paene</strong></span> <span class='ocrx_word' id='word_1_149' title='bbox 1463 1925 1620 1951; x_wconf 89' lang='lat' dir='ltr'><strong>omnem</strong></span> <span class='ocrx_word' id='word_1_150' title='bbox 1648 1921 1730 1950; x_wconf 91' lang='lat' dir='ltr'><strong>tum</strong></span> <span class='ocrx_word' id='word_1_151' title='bbox 1759 1921 1896 1950; x_wconf 86' lang='lat' dir='ltr'><strong>notum</strong></span> <span class='ocrx_word' id='word_1_152' title='bbox 1926 1912 2063 1951; x_wconf 82' lang='lat' dir='ltr'><strong>orbem</strong></span> <span class='ocrx_word' id='word_1_153' title='bbox 2093 1921 2219 1951; x_wconf 73' lang='lat' dir='ltr'><strong>terra-</strong></span> 
     </span>
     <span class='ocr_line' id='line_1_15' title="bbox 153 1983 2219 2039; baseline -0.001 -11"><span class='ocrx_word' id='word_1_154' title='bbox 153 2001 242 2028; x_wconf 83' lang='lat' dir='ltr'><strong>rum</strong></span> <span class='ocrx_word' id='word_1_155' title='bbox 280 1986 473 2039; x_wconf 79' lang='lat' dir='ltr'><strong>amplexa</strong></span> <span class='ocrx_word' id='word_1_156' title='bbox 499 1994 586 2039; x_wconf 80' lang='lat' dir='ltr'><strong>est,</strong></span> <span class='ocrx_word' id='word_1_157' title='bbox 612 1988 720 2027; x_wconf 83' lang='lat' dir='ltr'><strong>inter</strong></span> <span class='ocrx_word' id='word_1_158' title='bbox 746 2001 789 2027; x_wconf 89' lang='lat' dir='ltr'><strong>se</strong></span> <span class='ocrx_word' id='word_1_159' title='bbox 819 1989 1070 2039; x_wconf 82' lang='lat' dir='ltr'><strong>dividerent,</strong></span> <span class='ocrx_word' id='word_1_160' title='bbox 1120 1999 1266 2027; x_wconf 86' lang='lat' dir='ltr'><strong>nomen</strong></span> <span class='ocrx_word' id='word_1_161' title='bbox 1293 1984 1522 2037; x_wconf 80' lang='lat' dir='ltr'><strong>reipublicae</strong></span> <span class='ocrx_word' id='word_1_162' title='bbox 1559 1984 1688 2025; x_wconf 88' lang='lat' dir='ltr'><strong>solum</strong></span> <span class='ocrx_word' id='word_1_163' title='bbox 1725 1985 1936 2036; x_wconf 82' lang='lat' dir='ltr'><strong>superfuit.</strong></span> <span class='ocrx_word' id='word_1_164' title='bbox 2016 1983 2166 2025; x_wconf 79' lang='lat' dir='ltr'><strong>Crasso</strong></span> <span class='ocrx_word' id='word_1_165' title='bbox 2195 2000 2219 2025; x_wconf 77' lang='lat' dir='ltr'><strong>u</strong></span> 
     </span>
     <span class='ocr_line' id='line_1_16' title="bbox 152 2058 2219 2113; baseline -0.001 -13"><span class='ocrx_word' id='word_1_166' title='bbox 152 2060 313 2103; x_wconf 78' lang='lat' dir='ltr'><strong>Parthis</strong></span> <span class='ocrx_word' id='word_1_167' title='bbox 339 2060 570 2110; x_wconf 83' lang='lat' dir='ltr'><strong>interfecto,</strong></span> <span class='ocrx_word' id='word_1_168' title='bbox 598 2060 873 2113; x_wconf 84' lang='lat' dir='ltr'><strong>Pompejoque</strong></span> <span class='ocrx_word' id='word_1_169' title='bbox 894 2073 918 2098; x_wconf 78' lang='lat' dir='ltr'>a</span> <span class='ocrx_word' id='word_1_170' title='bbox 938 2060 1099 2100; x_wconf 68' lang='lat' dir='ltr'><strong>Caesare</strong></span> <span class='ocrx_word' id='word_1_171' title='bbox 1129 2062 1288 2101; x_wconf 85' lang='lat' dir='ltr'><strong>devicto</strong></span> <span class='ocrx_word' id='word_1_172' title='bbox 1317 2068 1356 2098; x_wconf 91' lang='lat' dir='ltr'><strong>et</strong></span> <span class='ocrx_word' id='word_1_173' title='bbox 1381 2060 1422 2097; x_wconf 89' lang='lat' dir='ltr'><strong>in</strong></span> <span class='ocrx_word' id='word_1_174' title='bbox 1438 2058 1624 2111; x_wconf 80' lang='lat' dir='ltr'><strong>Aegypto</strong></span> <span class='ocrx_word' id='word_1_175' title='bbox 1653 2059 1870 2097; x_wconf 84' lang='lat' dir='ltr'><strong>foedissime</strong></span> <span class='ocrx_word' id='word_1_176' title='bbox 1891 2059 2105 2109; x_wconf 85' lang='lat' dir='ltr'><strong>trucidato,</strong></span> <span class='ocrx_word' id='word_1_177' title='bbox 2135 2071 2219 2098; x_wconf 85' lang='lat' dir='ltr'><strong>om-</strong></span> 
     </span>
     <span class='ocr_line' id='line_1_17' title="bbox 154 2118 2219 2185; baseline -0.001 -13"><span class='ocrx_word' id='word_1_178' title='bbox 154 2135 216 2173; x_wconf 88' lang='lat' dir='ltr'><strong>nis</strong></span> <span class='ocrx_word' id='word_1_179' title='bbox 237 2142 416 2184; x_wconf 82' lang='lat' dir='ltr'><strong>potestas</strong></span> <span class='ocrx_word' id='word_1_180' title='bbox 437 2135 479 2172; x_wconf 77' lang='lat' dir='ltr'><strong>in</strong></span> <span class='ocrx_word' id='word_1_181' title='bbox 500 2133 699 2173; x_wconf 81' lang='lat' dir='ltr'><strong>Caesarem</strong></span> <span class='ocrx_word' id='word_1_182' title='bbox 721 2136 864 2183; x_wconf 83' lang='lat' dir='ltr'><strong>cessit,</strong></span> <span class='ocrx_word' id='word_1_183' title='bbox 894 2136 963 2185; x_wconf 87' lang='lat' dir='ltr'><strong>qui</strong></span> <span class='ocrx_word' id='word_1_184' title='bbox 982 2134 1056 2173; x_wconf 85' lang='lat' dir='ltr'><strong>sub</strong></span> <span class='ocrx_word' id='word_1_185' title='bbox 1086 2118 1248 2173; x_wconf 81' lang='lat' dir='ltr'><strong>nomine</strong></span> <span class='ocrx_word' id='word_1_186' title='bbox 1275 2134 1459 2184; x_wconf 89' lang='lat' dir='ltr'><strong>perpetui</strong></span> <span class='ocrx_word' id='word_1_187' title='bbox 1488 2134 1715 2181; x_wconf 72' lang='lat' dir='ltr'><strong>dictatoris,</strong></span> <span class='ocrx_word' id='word_1_188' title='bbox 1742 2134 1852 2183; x_wconf 83' lang='lat' dir='ltr'><strong>regis</strong></span> <span class='ocrx_word' id='word_1_189' title='bbox 1874 2134 2037 2169; x_wconf 88' lang='lat' dir='ltr'><strong>nomine</strong></span> <span class='ocrx_word' id='word_1_190' title='bbox 2065 2132 2219 2181; x_wconf 84' lang='lat' dir='ltr'><strong>pluries</strong></span> 
     </span>
     <span class='ocr_line' id='line_1_18' title="bbox 150 2203 2220 2257; baseline -0.001 -12"><span class='ocrx_word' id='word_1_191' title='bbox 150 2206 386 2257; x_wconf 80' lang='lat' dir='ltr'><strong>repudiate,</strong></span> <span class='ocrx_word' id='word_1_192' title='bbox 412 2204 562 2246; x_wconf 86' lang='lat' dir='ltr'><strong>leniter</strong></span> <span class='ocrx_word' id='word_1_193' title='bbox 581 2206 787 2245; x_wconf 82' lang='lat' dir='ltr'><strong>civitatem</strong></span> <span class='ocrx_word' id='word_1_194' title='bbox 810 2207 1040 2246; x_wconf 84' lang='lat' dir='ltr'><strong>moderatus</strong></span> <span class='ocrx_word' id='word_1_195' title='bbox 1064 2213 1145 2246; x_wconf 86' lang='lat' dir='ltr'><strong>est.-</strong></span> <span class='ocrx_word' id='word_1_196' title='bbox 1190 2204 1358 2254; x_wconf 88' lang='lat' dir='ltr'><strong>Brutus,</strong></span> <span class='ocrx_word' id='word_1_197' title='bbox 1381 2204 1571 2255; x_wconf 84' lang='lat' dir='ltr'><strong>Cassius,</strong></span> <span class='ocrx_word' id='word_1_198' title='bbox 1600 2218 1819 2257; x_wconf 87' lang='lat' dir='ltr'><strong>eorumque</strong></span> <span class='ocrx_word' id='word_1_199' title='bbox 1842 2203 2031 2254; x_wconf 77' lang='lat' dir='ltr'><strong>asseclae,</strong></span> <span class='ocrx_word' id='word_1_200' title='bbox 2060 2205 2147 2243; x_wconf 79' lang='lat' dir='ltr'><strong>fore</strong></span> <span class='ocrx_word' id='word_1_201' title='bbox 2176 2212 2220 2243; x_wconf 88' lang='lat' dir='ltr'><strong>ut</strong></span> 
     </span>
     <span class='ocr_line' id='line_1_19' title="bbox 151 2276 2219 2329; baseline -0 -13"><span class='ocrx_word' id='word_1_202' title='bbox 151 2276 380 2317; x_wconf 86' lang='lat' dir='ltr'><strong>libertatem</strong></span> <span class='ocrx_word' id='word_1_203' title='bbox 406 2277 622 2318; x_wconf 80' lang='lat' dir='ltr'><strong>restituere</strong></span> <span class='ocrx_word' id='word_1_204' title='bbox 649 2287 837 2329; x_wconf 84' lang='lat' dir='ltr'><strong>possent,</strong></span> <span class='ocrx_word' id='word_1_205' title='bbox 866 2287 1101 2329; x_wconf 83' lang='lat' dir='ltr'><strong>sperantes,</strong></span> <span class='ocrx_word' id='word_1_206' title='bbox 1129 2279 1207 2318; x_wconf 85' lang='lat' dir='ltr'><strong>hoc</strong></span> <span class='ocrx_word' id='word_1_207' title='bbox 1234 2291 1379 2317; x_wconf 88' lang='lat' dir='ltr'><strong>vanum</strong></span> <span class='ocrx_word' id='word_1_208' title='bbox 1408 2292 1497 2316; x_wconf 86' lang='lat' dir='ltr'><strong>esse</strong></span> <span class='ocrx_word' id='word_1_209' title='bbox 1528 2279 1771 2317; x_wconf 88' lang='lat' dir='ltr'><strong>desiderium</strong></span> <span class='ocrx_word' id='word_1_210' title='bbox 1798 2277 1904 2316; x_wconf 83' lang='lat' dir='ltr'><strong>baud</strong></span> <span class='ocrx_word' id='word_1_211' title='bbox 1926 2277 2219 2329; x_wconf 75' lang='lat' dir='ltr'><strong>intelligentes,</strong></span> 
     </span>
     <span class='ocr_line' id='line_1_20' title="bbox 154 2350 2220 2405; baseline -0 -14"><span class='ocrx_word' id='word_1_212' title='bbox 154 2350 359 2391; x_wconf 80' lang='lat' dir='ltr'><strong>Caesarem</strong></span> <span class='ocrx_word' id='word_1_213' title='bbox 386 2350 513 2391; x_wconf 82' lang='lat' dir='ltr'><strong>multa</strong></span> <span class='ocrx_word' id='word_1_214' title='bbox 541 2353 734 2404; x_wconf 78' lang='lat' dir='ltr'><strong>variaque</strong></span> <span class='ocrx_word' id='word_1_215' title='bbox 763 2352 997 2394; x_wconf 84' lang='lat' dir='ltr'><strong>molientem</strong></span> <span class='ocrx_word' id='word_1_216' title='bbox 1034 2352 1193 2405; x_wconf 87' lang='lat' dir='ltr'><strong>publice</strong></span> <span class='ocrx_word' id='word_1_217' title='bbox 1232 2360 1433 2392; x_wconf 89' lang='lat' dir='ltr'><strong>necarunt.</strong></span> <span class='ocrx_word' id='word_1_218' title='bbox 1488 2350 1662 2391; x_wconf 77' lang='lat' dir='ltr'><strong>Caesaris</strong></span> <span class='ocrx_word' id='word_1_219' title='bbox 1699 2352 1829 2391; x_wconf 84' lang='lat' dir='ltr'><strong>caedes</strong></span> <span class='ocrx_word' id='word_1_220' title='bbox 1869 2353 1965 2390; x_wconf 89' lang='lat' dir='ltr'><strong>novi</strong></span> <span class='ocrx_word' id='word_1_221' title='bbox 1994 2350 2090 2390; x_wconf 90' lang='lat' dir='ltr'><strong>belli</strong></span> <span class='ocrx_word' id='word_1_222' title='bbox 2120 2353 2220 2391; x_wconf 74' lang='lat' dir='ltr'><strong>civi-</strong></span> 
     </span>
     <span class='ocr_line' id='line_1_21' title="bbox 152 2422 2218 2477; baseline 0 -13"><span class='ocrx_word' id='word_1_223' title='bbox 152 2424 206 2464; x_wconf 85' lang='lat' dir='ltr'><strong>lis</strong></span> <span class='ocrx_word' id='word_1_224' title='bbox 232 2426 391 2463; x_wconf 88' lang='lat' dir='ltr'><strong>initium</strong></span> <span class='ocrx_word' id='word_1_225' title='bbox 419 2425 516 2475; x_wconf 80' lang='lat' dir='ltr'><strong>suit,</strong></span> <span class='ocrx_word' id='word_1_226' title='bbox 546 2425 778 2477; x_wconf 68' lang='lat' dir='ltr'><strong>reipublicae</strong></span> <span class='ocrx_word' id='word_1_227' title='bbox 807 2428 925 2466; x_wconf 67' lang='lat' dir='ltr'><strong>annici</strong></span> <span class='ocrx_word' id='word_1_228' title='bbox 953 2428 1050 2465; x_wconf 88' lang='lat' dir='ltr'><strong>victi</strong></span> <span class='ocrx_word' id='word_1_229' title='bbox 1079 2433 1121 2464; x_wconf 84' lang='lat' dir='ltr'><strong>et</strong></span> <span class='ocrx_word' id='word_1_230' title='bbox 1149 2427 1272 2465; x_wconf 86' lang='lat' dir='ltr'><strong>occisi</strong></span> <span class='ocrx_word' id='word_1_231' title='bbox 1300 2433 1412 2474; x_wconf 87' lang='lat' dir='ltr'><strong>sunt,</strong></span> <span class='ocrx_word' id='word_1_232' title='bbox 1443 2424 1692 2470; x_wconf 54' lang='lat' dir='ltr'><strong>Octavianus</strong></span> <span class='ocrx_word' id='word_1_233' title='bbox 1720 2422 2014 2474; x_wconf 75' lang='lat' dir='ltr'><strong>fraudulentus,</strong></span> <span class='ocrx_word' id='word_1_234' title='bbox 2045 2423 2218 2464; x_wconf 84' lang='lat' dir='ltr'><strong>Caesaris</strong></span> 
     </span>
     <span class='ocr_line' id='line_1_22' title="bbox 154 2482 2217 2554; baseline -0.001 -16"><span class='ocrx_word' id='word_1_235' title='bbox 154 2513 296 2550; x_wconf 84' lang='lat' dir='ltr'><strong>nepos,</strong></span> <span class='ocrx_word' id='word_1_236' title='bbox 323 2500 505 2550; x_wconf 80' lang='lat' dir='ltr'><strong>Lepidus</strong></span> <span class='ocrx_word' id='word_1_237' title='bbox 523 2501 710 2552; x_wconf 80' lang='lat' dir='ltr'><strong>ignavus,</strong></span> <span class='ocrx_word' id='word_1_238' title='bbox 739 2501 1020 2554; x_wconf 80' lang='lat' dir='ltr'><strong>Antoniusque</strong></span> <span class='ocrx_word' id='word_1_239' title='bbox 1039 2501 1280 2539; x_wconf 79' lang='lat' dir='ltr'><strong>libidinosus</strong></span> <span class='ocrx_word' id='word_1_240' title='bbox 1308 2482 1541 2537; x_wconf 76' lang='lat' dir='ltr'><strong>societatem</strong></span> <span class='ocrx_word' id='word_1_241' title='bbox 1569 2500 1675 2536; x_wconf 88' lang='lat' dir='ltr'><strong>inter</strong></span> <span class='ocrx_word' id='word_1_242' title='bbox 1702 2512 1746 2536; x_wconf 85' lang='lat' dir='ltr'><strong>se</strong></span> <span class='ocrx_word' id='word_1_243' title='bbox 1775 2499 1974 2547; x_wconf 87' lang='lat' dir='ltr'><strong>inierunt,</strong></span> <span class='ocrx_word' id='word_1_244' title='bbox 2004 2510 2090 2549; x_wconf 81' lang='lat' dir='ltr'><strong>quae</strong></span> <span class='ocrx_word' id='word_1_245' title='bbox 2118 2511 2217 2536; x_wconf 85' lang='lat' dir='ltr'><strong>mox</strong></span> 
     </span>
     <span class='ocr_line' id='line_1_23' title="bbox 148 2563 2220 2624; baseline -0 -12"><span class='ocrx_word' id='word_1_246' title='bbox 148 2571 314 2623; x_wconf 51' lang='lat' dir='ltr'><strong>¹tlublata</strong></span> <span class='ocrx_word' id='word_1_247' title='bbox 342 2563 547 2612; x_wconf 80' lang='lat' dir='ltr'><strong>civitatem</strong></span> <span class='ocrx_word' id='word_1_248' title='bbox 567 2573 778 2613; x_wconf 80' lang='lat' dir='ltr'><strong>discordiis</strong></span> <span class='ocrx_word' id='word_1_249' title='bbox 805 2573 993 2613; x_wconf 85' lang='lat' dir='ltr'><strong>civilibus</strong></span> <span class='ocrx_word' id='word_1_250' title='bbox 1020 2574 1169 2614; x_wconf 72' lang='lat' dir='ltr'><strong>fessam</strong></span> <span class='ocrx_word' id='word_1_251' title='bbox 1196 2573 1363 2624; x_wconf 84' lang='lat' dir='ltr'><strong>imperio</strong></span> <span class='ocrx_word' id='word_1_252' title='bbox 1392 2573 1510 2610; x_wconf 68' lang='lat' dir='ltr'><strong>unlus</strong></span> <span class='ocrx_word' id='word_1_253' title='bbox 1539 2571 1713 2610; x_wconf 86' lang='lat' dir='ltr'><strong>tradidit.</strong></span> <span class='ocrx_word' id='word_1_254' title='bbox 1767 2570 2017 2610; x_wconf 74' lang='lat' dir='ltr'><strong>Octavianus</strong></span> <span class='ocrx_word' id='word_1_255' title='bbox 2045 2570 2119 2611; x_wconf 83' lang='lat' dir='ltr'><strong>sub</strong></span> <span class='ocrx_word' id='word_1_256' title='bbox 2149 2585 2220 2611; x_wconf 83' lang='lat' dir='ltr'><strong>no-</strong></span> 
     </span>
     <span class='ocr_line' id='line_1_24' title="bbox 155 2643 2221 2697; baseline 0 -13"><span class='ocrx_word' id='word_1_257' title='bbox 155 2648 264 2684; x_wconf 82' lang='lat' dir='ltr'><strong>mine.</strong></span> <span class='ocrx_word' id='word_1_258' title='bbox 291 2647 506 2697; x_wconf 83' lang='lat' dir='ltr'><strong>principis,</strong></span> <span class='ocrx_word' id='word_1_259' title='bbox 544 2645 640 2684; x_wconf 88' lang='lat' dir='ltr'><strong>licet</strong></span> <span class='ocrx_word' id='word_1_260' title='bbox 668 2646 898 2697; x_wconf 73' lang='lat' dir='ltr'><strong>reipublicae</strong></span> <span class='ocrx_word' id='word_1_261' title='bbox 925 2649 1074 2686; x_wconf 82' lang='lat' dir='ltr'><strong>formas</strong></span> <span class='ocrx_word' id='word_1_262' title='bbox 1102 2649 1317 2693; x_wconf 86' lang='lat' dir='ltr'><strong>retineret,</strong></span> <span class='ocrx_word' id='word_1_263' title='bbox 1353 2646 1556 2682; x_wconf 82' lang='lat' dir='ltr'><strong>civitatem</strong></span> <span class='ocrx_word' id='word_1_264' title='bbox 1586 2645 1704 2683; x_wconf 87' lang='lat' dir='ltr'><strong>rexit.</strong></span> <span class='ocrx_word' id='word_1_265' title='bbox 1756 2643 1878 2682; x_wconf 85' lang='lat' dir='ltr'><strong>Domi</strong></span> <span class='ocrx_word' id='word_1_266' title='bbox 1908 2651 1988 2680; x_wconf 86' lang='lat' dir='ltr'><strong>tum</strong></span> <span class='ocrx_word' id='word_1_267' title='bbox 2017 2657 2084 2682; x_wconf 81' lang='lat' dir='ltr'><strong>res</strong></span> <span class='ocrx_word' id='word_1_268' title='bbox 2112 2652 2221 2684; x_wconf 78' lang='lat' dir='ltr'><strong>tran-</strong></span> 
     </span>
     <span class='ocr_line' id='line_1_25' title="bbox 157 2710 2220 2771; baseline 0 -15"><span class='ocrx_word' id='word_1_269' title='bbox 157 2716 311 2770; x_wconf 85' lang='lat' dir='ltr'><strong>quillae,</strong></span> <span class='ocrx_word' id='word_1_270' title='bbox 342 2710 489 2758; x_wconf 86' lang='lat' dir='ltr'><strong>bellum</strong></span> <span class='ocrx_word' id='word_1_271' title='bbox 510 2732 560 2757; x_wconf 84' lang='lat' dir='ltr'><strong>ea</strong></span> <span class='ocrx_word' id='word_1_272' title='bbox 580 2726 818 2771; x_wconf 82' lang='lat' dir='ltr'><strong>tempestate</strong></span> <span class='ocrx_word' id='word_1_273' title='bbox 843 2719 1015 2770; x_wconf 83' lang='lat' dir='ltr'><strong>nullum,</strong></span> <span class='ocrx_word' id='word_1_274' title='bbox 1047 2721 1122 2759; x_wconf 87' lang='lat' dir='ltr'><strong>nisi</strong></span> <span class='ocrx_word' id='word_1_275' title='bbox 1146 2720 1336 2758; x_wconf 73' lang='lat' dir='ltr'><strong>adversus</strong></span> <span class='ocrx_word' id='word_1_276' title='bbox 1358 2717 1603 2766; x_wconf 74' lang='lat' dir='ltr'><strong>Germanos,</strong></span> <span class='ocrx_word' id='word_1_277' title='bbox 1636 2731 1753 2755; x_wconf 86' lang='lat' dir='ltr'><strong>verso</strong></span> <span class='ocrx_word' id='word_1_278' title='bbox 1773 2718 1949 2755; x_wconf 73' lang='lat' dir='ltr'><strong>civitatis</strong></span> <span class='ocrx_word' id='word_1_279' title='bbox 1970 2724 2098 2768; x_wconf 81' lang='lat' dir='ltr'><strong>statu,</strong></span> <span class='ocrx_word' id='word_1_280' title='bbox 2129 2730 2220 2756; x_wconf 83' lang='lat' dir='ltr'><strong>nam</strong></span> 
     </span>
     <span class='ocr_line' id='line_1_26' title="bbox 157 2789 2221 2845; baseline 0.001 -17"><span class='ocrx_word' id='word_1_281' title='bbox 157 2792 274 2840; x_wconf 86' lang='lat' dir='ltr'><strong>pauci</strong></span> <span class='ocrx_word' id='word_1_282' title='bbox 303 2790 457 2829; x_wconf 76' lang='lat' dir='ltr'><strong>tan‘tum</strong></span> <span class='ocrx_word' id='word_1_283' title='bbox 493 2790 640 2843; x_wconf 84' lang='lat' dir='ltr'><strong>reliqui</strong></span> <span class='ocrx_word' id='word_1_284' title='bbox 668 2793 807 2842; x_wconf 67' lang='lat' dir='ltr'><strong>erunt,</strong></span> <span class='ocrx_word' id='word_1_285' title='bbox 855 2794 921 2845; x_wconf 85' lang='lat' dir='ltr'><strong>qui</strong></span> <span class='ocrx_word' id='word_1_286' title='bbox 951 2792 1235 2844; x_wconf 83' lang='lat' dir='ltr'><strong>rempublicam</strong></span> <span class='ocrx_word' id='word_1_287' title='bbox 1273 2793 1482 2839; x_wconf 72' lang='lat' dir='ltr'><strong>vidissent,</strong></span> <span class='ocrx_word' id='word_1_288' title='bbox 1514 2789 1614 2828; x_wconf 84' lang='lat' dir='ltr'><strong>nihil</strong></span> <span class='ocrx_word' id='word_1_289' title='bbox 1653 2803 1818 2842; x_wconf 67' lang='lat' dir='ltr'><strong>usquam</strong></span> <span class='ocrx_word' id='word_1_290' title='bbox 1858 2792 1978 2842; x_wconf 82' lang='lat' dir='ltr'><strong>prisci</strong></span> <span class='ocrx_word' id='word_1_291' title='bbox 2007 2798 2048 2829; x_wconf 91' lang='lat' dir='ltr'><strong>et</strong></span> <span class='ocrx_word' id='word_1_292' title='bbox 2074 2793 2221 2845; x_wconf 81' lang='lat' dir='ltr'><strong>integri</strong></span> 
     </span>
    </p>
   </div>
  </div>
 </body>
</html>
