2470 3202
1822 227 1840 258 Ι

202 288 290 316 rum
318 275 464 313 artium
494 274 642 314 cultum
679 278 894 327 pueritiam
923 284 965 315 et
991 277 1307 317 adolescentiam
1337 277 1555 328 transegit,
1603 281 1826 316 castrorum
1853 272 2080 311 rudimenta
2106 272 2148 310 in
2177 270 2280 310 Sue-

205 348 306 388 tonii
334 347 495 388 Paulini
513 347 745 388 'Brimnniae
773 350 951 400 praefecti
980 358 1021 389 et
1048 351 1160 391 ducis
1187 349 1450 391 contubernio
1487 350 1635 402 posuit.
1689 347 1892 388 Reversus
1922 345 2090 385 Romam
2117 346 2165 385 ad
2195 358 2277 384 ma-

200 423 395 474 gistratus
423 421 717 472 capessendos,
765 423 988 463 Domitiam
1015 424 1280 462 Decidianam
1317 425 1430 462 duxit
1459 432 1499 461 et
1526 430 1618 474 post
1659 422 1836 483 honores
1872 427 2081 470 quaesturae
2110 428 2150 456 et
2177 432 2277 469 proe-

149 513 156 518 ·
201 502 300 534 turae
336 494 491 546 legioni
529 496 732 534 vicesimae
768 497 811 534 in
840 494 1051 535 Britannia
1086 498 1325 548 praepositus
1354 504 1427 536 est.
1505 495 1757 535 Redeuntem
1793 492 2077 543 Vespasianus
2106 491 2277 543 Aquita-

197 551 492 624 niaepraefecit.
530 566 669 607 Gessit
692 568 836 607 deinde
861 567 1112 618 consulatum
1130 573 1228 619 830,
1257 568 1351 607 hinc
1369 569 1620 620 provinciam
1638 566 1892 606 Britanniam
1915 565 2275 603 administrandam

198 642 378 700 accepit,
415 654 534 692 quam
562 653 635 690 per
663 649 754 678 octo
782 654 911 679 annos
938 645 1014 681 831
1047 647 1208 683 -“838
1238 645 1467 682 nniversam
1494 644 1735 693 perdomuit.
1763 642 1842 679 vid.
1870 640 2003 679 Tacit.
2029 639 2277 690 Agricolam.

199 713 264 755 Ob
296 715 486 754 victorias
514 713 826 770 ibireportatas
853 713 973 755 Titus
1000 716 1183 768 quintum
1210 716 1405 758 decimum
1434 720 1653 770 imperator
1681 714 1909 767 appellatus
1938 721 2000 753 est
2028 717 2124 764 832,
2155 713 2274 766 Agri-

196 788 287 828 cola
322 802 467 840 nempe
497 788 595 827 Tito
631 797 833 842 regnante
859 789 1085 835 Ordovices
1121 792 1295 842 devicit,
1344 800 1385 830 et
1419 791 1593 831 insulam
1622 791 1792 831 Monam
1828 788 2012 841 aliasque
2049 787 2270 827 Britanniae

162 889 172 900 .
195 848 334 913 partes
362 864 587 912 occupavit.

327 1006 447 1048 Titus
475 1008 717 1060 spectaculis
743 1022 865 1061 supra
890 1011 1123 1051 memoratis
1144 1009 1340 1051 absolutis
1367 1012 1492 1051 tristis
1520 1013 1562 1051 in
1591 1008 1766 1049 Sabinos
1794 993 1999 1060 profectus
2028 1015 2104 1059 est,
2134 1007 2271 1060 ibique

196 1080 302 1121 diem
329 1094 560 1131 supremum
589 1081 690 1120 obiit
717 1084 759 1120 in
784 1084 940 1133 eadem,
969 1096 1052 1134 qua
1067 1091 1182 1134 pater
1202 1083 1302 1122 villa
1325 1084 1405 1135 vel,
1426 1084 1644 1135 Xiphilino
1670 1090 1874 1131 narrante,
1903 1082 1944 1118 in
1970 1082 2114 1119 iisdem
2138 1084 2270 1132 aquis,

194 1155 237 1193 in
267 1153 413 1205 quibus
442 1162 574 1204 pater,
603 1157 720 1206 aquis
748 1168 892 1206 nempe
921 1155 1096 1195 Cutiliis.
1146 1155 1364 1212 Antequan
1392 1166 1561 1196 mortem
1591 1168 1679 1194 cum
1708 1156 1793 1193 vita
1821 1155 2096 1204 commutavit,
2127 1153 2270 1193 coelum

193 1228 433 1278 suspexisse
474 1228 667 1279 traditur,
713 1227 962 1281 multumque
999 1236 1242 1283 conquestus
1275 1231 1318 1269 in
1344 1243 1424 1268 uno
1452 1243 1496 1269 se
1526 1237 1681 1268 tantum
1710 1227 1928 1278 deliquisse
1958 1227 2072 1265 dixit.
2126 1227 2169 1266 ld
2202 1241 2272 1266 au·

195 1307 291 1359 tem,
321 1302 415 1351 quid
445 1309 567 1351 esset,
597 1315 678 1340 non
706 1304 880 1353 aperuit,
909 1305 1103 1354 variaque
1131 1303 1354 1354 conjiciunt
1380 1312 1553 1343 veteres.
1580 1304 1662 1342 vid.
1688 1302 1801 1341 Suet.
1828 1300 1912 1340 Tit.
1944 1304 2007 1340 10.
2062 1300 2267 1342 Deinde

193 1374 251 1415 ad
280 1375 493 1424 primam
520 1376 699 1413 statim
728 1377 1052 1415 mansionem
1080 1375 1268 1416 febrim
1296 1385 1502 1428 nactus,
1542 1388 1694 1429 quum
1722 1375 1842 1414 inde
1870 1372 2067 1413 lectica
2105 1381 2269 1414 trans-

188 1445 457 1498 ferretur,
513 1450 825 1501 suspexisse
881 1450 1075 1490 dicitur
1128 1451 1338 1490 dimotis
1382 1449 1622 1504 plagulis
1665 1447 1892 1498 coelum,
1949 1446 2266 1499 multumque

190 1531 535 1572 conquestus,
583 1523 721 1572 eripi
757 1522 861 1560 sibi
899 1525 1054 1561 vitam
1090 1525 1398 1563 immerenti.
1450 1523 1631 1574 Neque
1671 1506 1807 1560 enim
1846 1529 2065 1559 exstare
2102 1521 2267 1560 ullum

189 1594 557 1645 suumpfactum
596 1597 996 1647 poenitendum,
1046 1586 1265 1648 excepto
1303 1598 1560 1637 duntaxat
1596 1608 1709 1635 uno.
1762 1594 1840 1644 ld,
1880 1592 2037 1645 quale
2074 1594 2265 1645 fuerit,

145 1664 147 1667 ’
190 1654 510 1718 neque‘ipse
549 1674 670 1708 tunc
707 1670 977 1721 prodidit,
1015 1682 1179 1724 neque
1208 1671 1439 1723 cuiquam
1477 1667 1641 1708 facile
1679 1673 1971 1707 succurrat.
2042 1665 2264 1714 Quidam

189 1739 493 1791 opinantur,
541 1744 974 1782 consuetudinem
1011 1743 1367 1794 recordatum,
1405 1756 1550 1796 quam
1588 1753 1697 1781 cum
1742 1739 1925 1779 fratris
1973 1752 2136 1778 uxore
2175 1739 2265 1777 ha-

187 1810 373 1861 buerit.
431 1811 533 1853 Sed
561 1814 755 1853 nullam
784 1815 1064 1866 habuisse,
1093 1825 1369 1868 persancte
1397 1813 1899 1865 Domitiajurabat:
1937 1812 2068 1851 haud
2102 1826 2263 1864 nega-

187 1893 324 1937 tura,
364 1888 408 1927 si
446 1900 542 1940 qua
569 1890 771 1929 omnino
799 1873 1017 1943 fuisset,
1055 1892 1201 1931 immo
1239 1891 1394 1930 etiam
1430 1876 1751 1942 gloriatura,
1791 1886 1924 1940 quod
1961 1884 2053 1925 illi
2090 1897 2264 1937 prom-

185 1961 439 2000 tissimum
470 1964 664 2001 erat-in
693 1963 928 2003 omnibus
955 1964 1176 2016 probris.
1227 1963 1487 2015 Xiphilinum
1515 1965 1584 2012 66,
1614 1966 1681 2002 26.
1735 1960 1891 1999 Titus
1919 1961 2172 2009 moriens,
2211 1962 2262 1998 in

150 2046 283 2073 -uno
321 2042 516 2073 tantum
552 2035 783 2086 deliqui,
823 2038 988 2087 dixit,
1025 2039 1149 2091 quid
1185 2044 1351 2086 esset,
1389 2048 1488 2075 non
1524 2035 1815 2083 indicavit,
1856 2046 1951 2072 nec
1989 2034 2262 2085 quisquam

184 2098 327 2147 certo
364 2110 533 2159 novit,
571 2109 665 2149 illi
703 2124 884 2161 nempe
922 2111 1042 2162 hoc,
1080 2111 1179 2151 alii
1215 2110 1359 2150 aliud
1396 2110 1710 2161 conjiciunt.
1765 2107 1960 2159 Opinio
1999 2106 2168 2157 valet,
2211 2116 2270 2148 ut,

183 2179 427 2227 nonnulli
473 2183 716 2233 tradunt,
772 2185 1055 2240 quod-cum
1096 2184 1321 2225 Domitia
1369 2183 1560 2222 fratris
1613 2184 1777 2221 uxore
1823 2181 2260 2220 consuetudinem

181 2252 492 2300 habuissem
547 2255 645 2295 alii
681 2264 888 2306 putant,
943 2257 1159 2308 (quibus
1193 2256 1484 2304 assentior)
1530 2256 1663 2308 quod
1702 2254 2057 2294 Domitianum
2095 2256 2257 2292 mani-

180 2325 322 2365 festo
356 2323 738 2379 deprehensum
765 2331 818 2369 in
845 2338 1100 2381 apparatu
1128 2331 1466 2378 insidiarum,
1507 2340 1606 2367 non
1642 2326 2046 2375 interfecisset,
2088 2326 2177 2365 sed
2207 2326 2255 2365 id

180 2396 239 2436 ab
278 2411 336 2437 eo
371 2400 480 2450 pati
518 2399 829 2452 maluisset,
885 2409 936 2441 et
971 2404 1102 2454 quod
1138 2401 1235 2442 tali
1275 2404 1386 2441 viro
1420 2401 1699 2450 imperium
1737 2398 2074 2437 tradidisset.
2145 2398 2257 2437 Inter

178 2478 363 2510 recentes
398 2473 560 2522 quidam
587 2472 682 2513 huic
708 2477 921 2514 sententiae
949 2477 1166 2527 accedunt,
1211 2475 1283 2515 alii
1309 2474 1448 2514 Titum
1476 2474 1525 2512 de
1554 2455 1692 2525 aliquo
1721 2472 1874 2523 insigni
1903 2478 1972 2509 aut
1998 2469 2154 2522 flagitio
2184 2479 2255 2508 aut

176 2542 331 2585 scelere
360 2557 384 2583 a
411 2557 456 2584 se
484 2547 688 2597 quondam
715 2555 876 2601 patrato
902 2550 1082 2590 sensisse
1108 2557 1274 2602 putant,
1318 2550 1399 2587 imo
1427 2559 1531 2586 unus
1559 2547 1608 2586 de
1637 2529 1848 2585 excisione
1877 2542 2254 2594 Hierosolymorum

178 2619 386 2670 cogitavit.
1127 2661 1130 2663 ,

305 2689 417 2731 Inter
442 2686 605 2732 {eteros
631 2703 779 2746 magna
804 2694 1006 2737 dissensio
1034 2701 1111 2746 est,
1139 2706 1233 2738 num
1260 2692 1378 2734 Titus
1406 2705 1480 2732 sua
1504 2697 1633 2730 morte
1662 2696 1841 2729 mortuus
1869 2689 1922 2727 sit
1952 2701 2026 2737 nec
2056 2701 2121 2739 ne,
2148 2687 2252 2730 mul·

175 2761 207 2799 ti
244 2763 353 2803 enim
387 2777 413 2804 a
444 2765 588 2807 statre'
607 2766 845 2808 Domitiano
883 2779 975 2816 eum
1012 2776 1198 2809 necatum
1231 2781 1319 2815 esse
1349 2768 1578 2817 opinantur.
1621 2764 1702 2804 vid.
1730 2761 1858 2814 Xiph.
1885 2766 1954 2813 66,
1984 2764 2051 2810 26.
2102 2762 2135 2801 F
2145 2773 2249 2800 ama
